datetime,ask_price1,ask_volume1,bid_price1,bid_volume1,ask_price2,ask_volume2,bid_price2,bid_volume2,ask_price3,ask_volume3,bid_price3,bid_volume3,ask_price4,ask_volume4,bid_price4,bid_volume4,ask_price5,ask_volume5,bid_price5,bid_volume5,last_price,highest,lowest,open,close,average,volume,amount,open_interest,settlement,upper_limit,lower_limit,pre_open_interest,pre_settlement,pre_close,price_tick,price_decs,volume_multiple,max_limit_order_volume,max_market_order_volume,min_limit_order_volume,min_market_order_volume
2024-05-14 09:03:54.500000,23845,31,23840,13,23850,46,23835,41,23855,25,23830,55,23860,24,23825,30,23865,29,23820,28,23840,24025,23615,23650,,23884,98459,11757790625,76941,,24830,22015,76206,23425,23535,5.0,0,5.0,500,0,0,0
2024-05-14 09:03:55.000000,23845,27,23840,19,23850,46,23835,41,23855,25,23830,55,23860,24,23825,30,23865,29,23820,28,23845,24025,23615,23650,,23884,98460,11757909850,76941,,24830,22015,76206,23425,23535,5.0,0,5.0,500,0,0,0
2024-05-14 09:03:55.500000,23845,16,23840,20,23850,46,23835,41,23855,25,23830,55,23860,24,23825,30,23865,29,23820,28,23845,24025,23615,23650,,23884,98468,11758863600,76944,,24830,22015,76206,23425,23535,5.0,0,5.0,500,0,0,0
2024-05-14 09:03:56.000000,23850,45,23845,12,23855,25,23840,21,23860,24,23835,41,23865,29,23830,55,23870,25,23825,30,23850,24025,23615,23650,,23884,98484,11760771225,76935,,24830,22015,76206,23425,23535,5.0,0,5.0,500,0,0,0
2024-05-14 09:03:56.500000,23850,40,23845,4,23855,26,23840,27,23860,24,23835,42,23865,29,23830,54,23870,25,23825,30,23845,24025,23615,23650,,23884,98497,11762321150,76938,,24830,22015,76206,23425,23535,5.0,0,5.0,500,0,0,0
2024-05-14 09:03:57.000000,23850,41,23845,1,23855,26,23840,27,23860,24,23835,42,23865,29,23830,54,23870,25,23825,30,23845,24025,23615,23650,,23884,98512,11764109500,76946,,24830,22015,76206,23425,23535,5.0,0,5.0,500,0,0,0
2024-05-14 09:03:57.500000,23850,40,23840,27,23855,26,23835,42,23860,24,23830,54,23865,29,23825,30,23870,25,23820,26,23845,24025,23615,23650,,23884,98518,11764824850,76948,,24830,22015,76206,23425,23535,5.0,0,5.0,500,0,0,0
2024-05-14 09:03:58.000000,23845,3,23840,25,23850,49,23835,43,23855,26,23830,54,23860,24,23825,30,23865,29,23820,28,23845,24025,23615,23650,,23884,98518,11764824850,76948,,24830,22015,76206,23425,23535,5.0,0,5.0,500,0,0,0
2024-05-14 09:03:58.500000,23845,10,23840,25,23850,52,23835,44,23855,26,23830,54,23860,24,23825,30,23865,29,23820,28,23845,24025,23615,23650,,23884,98518,11764824850,76948,,24830,22015,76206,23425,23535,5.0,0,5.0,500,0,0,0
2024-05-14 09:03:59.000000,23845,9,23840,22,23850,52,23835,44,23855,26,23830,54,23860,24,23825,30,23865,29,23820,28,23845,24025,23615,23650,,23884,98518,11764824850,76948,,24830,22015,76206,23425,23535,5.0,0,5.0,500,0,0,0
2024-05-14 09:03:59.500000,23845,17,23840,19,23850,42,23835,44,23855,26,23830,54,23860,24,23825,30,23865,29,23820,28,23845,24025,23615,23650,,23884,98519,11764944075,76948,,24830,22015,76206,23425,23535,5.0,0,5.0,500,0,0,0
2024-05-14 09:04:00.000000,23845,22,23840,19,23850,42,23835,44,23855,26,23830,54,23860,24,23825,30,23865,29,23820,28,23845,24025,23615,23650,,23884,98519,11764944075,76948,,24830,22015,76206,23425,23535,5.0,0,5.0,500,0,0,0
2024-05-14 09:04:00.500000,23845,22,23840,17,23850,42,23835,44,23855,26,23830,54,23860,24,23825,30,23865,29,23820,28,23840,24025,23615,23650,,23884,98523,11765420875,76945,,24830,22015,76206,23425,23535,5.0,0,5.0,500,0,0,0
2024-05-14 09:04:01.000000,23845,20,23840,18,23850,43,23835,44,23855,26,23830,54,23860,24,23825,30,23865,29,23820,28,23845,24025,23615,23650,,23884,98525,11765659325,76946,,24830,22015,76206,23425,23535,5.0,0,5.0,500,0,0,0
2024-05-14 09:04:01.500000,23850,43,23840,13,23855,26,23835,44,23860,24,23830,55,23865,29,23825,30,23870,25,23820,28,23845,24025,23615,23650,,23884,98562,11770070425,76923,,24830,22015,76206,23425,23535,5.0,0,5.0,500,0,0,0
2024-05-14 09:04:02.000000,23845,6,23840,21,23850,40,23835,44,23855,27,23830,55,23860,24,23825,30,23865,29,23820,28,23845,24025,23615,23650,,23884,98571,11771143450,76918,,24830,22015,76206,23425,23535,5.0,0,5.0,500,0,0,0
2024-05-14 09:04:02.500000,23845,7,23840,20,23850,43,23835,44,23855,27,23830,55,23860,24,23825,30,23865,29,23820,28,23845,24025,23615,23650,,23884,98581,11772335700,76911,,24830,22015,76206,23425,23535,5.0,0,5.0,500,0,0,0
2024-05-14 09:04:03.000000,23845,10,23840,20,23850,43,23835,44,23855,27,23830,55,23860,24,23825,30,23865,29,23820,28,23845,24025,23615,23650,,23884,98582,11772454925,76910,,24830,22015,76206,23425,23535,5.0,0,5.0,500,0,0,0
2024-05-14 09:04:03.500000,23845,8,23840,17,23850,43,23835,44,23855,27,23830,55,23860,24,23825,30,23865,29,23820,28,23845,24025,23615,23650,,23884,98586,11772931825,76909,,24830,22015,76206,23425,23535,5.0,0,5.0,500,0,0,0
2024-05-14 09:04:04.000000,23845,11,23840,17,23850,43,23835,44,23855,27,23830,55,23860,24,23825,30,23865,29,23820,28,23845,24025,23615,23650,,23884,98594,11773885500,76911,,24830,22015,76206,23425,23535,5.0,0,5.0,500,0,0,0
2024-05-14 09:04:04.500000,23845,21,23840,12,23850,43,23835,44,23855,27,23830,55,23860,24,23825,30,23865,29,23820,28,23840,24025,23615,23650,,23884,98603,11774958300,76910,,24830,22015,76206,23425,23535,5.0,0,5.0,500,0,0,0
2024-05-14 09:04:05.000000,23845,31,23835,45,23850,43,23830,55,23855,27,23825,30,23860,24,23820,28,23865,29,23815,39,23840,24025,23615,23650,,23884,98621,11777103900,76926,,24830,22015,76206,23425,23535,5.0,0,5.0,500,0,0,0
2024-05-14 09:04:05.500000,23840,40,23835,41,23845,36,23830,54,23850,45,23825,30,23855,27,23820,28,23860,24,23815,39,23840,24025,23615,23650,,23884,98623,11777342300,76926,,24830,22015,76206,23425,23535,5.0,0,5.0,500,0,0,0
2024-05-14 09:04:06.000000,23835,69,23830,54,23840,46,23825,30,23845,38,23820,28,23850,45,23815,39,23855,25,23810,39,23835,24025,23615,23650,,23884,98666,11782466825,76926,,24830,22015,76206,23425,23535,5.0,0,5.0,500,0,0,0
2024-05-14 09:04:06.500000,23830,90,23825,31,23835,98,23820,23,23840,29,23815,32,23845,40,23810,29,23850,46,23805,30,23830,24025,23615,23650,,23884,98725,11789496675,76965,,24830,22015,76206,23425,23535,5.0,0,5.0,500,0,0,0
2024-05-14 09:04:07.000000,23825,81,23820,10,23830,103,23815,30,23835,103,23810,29,23840,32,23805,29,23845,29,23800,199,23825,24025,23615,23650,,23883,98791,11797358575,76967,,24830,22015,76206,23425,23535,5.0,0,5.0,500,0,0,0
2024-05-14 09:04:07.500000,23825,59,23815,31,23830,104,23810,29,23835,106,23805,45,23840,31,23800,86,23845,31,23795,29,23825,24025,23615,23650,,23883,98828,11801765650,76976,,24830,22015,76206,23425,23535,5.0,0,5.0,500,0,0,0
2024-05-14 09:04:08.000000,23825,14,23820,30,23830,98,23815,47,23835,96,23810,30,23840,31,23805,30,23845,31,23800,87,23825,24025,23615,23650,,23883,98872,11807007000,76987,,24830,22015,76206,23425,23535,5.0,0,5.0,500,0,0,0
2024-05-14 09:04:08.500000,23830,83,23825,40,23835,97,23820,32,23840,31,23815,46,23845,31,23810,29,23850,30,23805,30,23825,24025,23615,23650,,23883,98893,11809508625,76979,,24830,22015,76206,23425,23535,5.0,0,5.0,500,0,0,0
2024-05-14 09:04:09.000000,23830,21,23825,38,23835,71,23820,34,23840,31,23815,41,23845,30,23810,29,23850,30,23805,26,23825,24025,23615,23650,,23883,98941,11815227800,76968,,24830,22015,76206,23425,23535,5.0,0,5.0,500,0,0,0
2024-05-14 09:04:09.500000,23835,71,23830,8,23840,31,23825,88,23845,30,23820,34,23850,30,23815,41,23855,21,23810,29,23830,24025,23615,23650,,23883,98966,11818206550,76961,,24830,22015,76206,23425,23535,5.0,0,5.0,500,0,0,0
2024-05-14 09:04:10.000000,23835,64,23830,32,23840,32,23825,88,23845,30,23820,37,23850,30,23815,41,23855,21,23810,29,23830,24025,23615,23650,,23883,98970,11818683150,76964,,24830,22015,76206,23425,23535,5.0,0,5.0,500,0,0,0
2024-05-14 09:04:10.500000,23835,63,23830,38,23840,32,23825,88,23845,30,23820,37,23850,30,23815,41,23855,21,23810,29,23830,24025,23615,23650,,23883,98973,11819040650,76967,,24830,22015,76206,23425,23535,5.0,0,5.0,500,0,0,0
2024-05-14 09:04:11.000000,23835,24,23830,37,23840,32,23825,75,23845,30,23820,37,23850,30,23815,41,23855,21,23810,29,23835,24025,23615,23650,,23883,98979,11819755700,76967,,24830,22015,76206,23425,23535,5.0,0,5.0,500,0,0,0
2024-05-14 09:04:11.500000,23840,32,23835,33,23845,31,23830,37,23850,30,23825,75,23855,21,23820,37,23860,28,23815,41,23835,24025,23615,23650,,23883,99015,11824046000,76975,,24830,22015,76206,23425,23535,5.0,0,5.0,500,0,0,0
2024-05-14 09:04:12.000000,23840,26,23835,23,23845,32,23830,40,23850,25,23825,73,23855,21,23820,36,23860,30,23815,41,23835,24025,23615,23650,,23883,99029,11825714450,76975,,24830,22015,76206,23425,23535,5.0,0,5.0,500,0,0,0
2024-05-14 09:04:12.500000,23835,19,23830,39,23840,32,23825,76,23845,32,23820,36,23850,25,23815,41,23855,21,23810,29,23835,24025,23615,23650,,23883,99056,11828932175,76981,,24830,22015,76206,23425,23535,5.0,0,5.0,500,0,0,0
2024-05-14 09:04:13.000000,23835,27,23830,38,23840,44,23825,74,23845,32,23820,36,23850,25,23815,41,23855,21,23810,29,23830,24025,23615,23650,,23883,99058,11829170500,76982,,24830,22015,76206,23425,23535,5.0,0,5.0,500,0,0,0
2024-05-14 09:04:13.500000,23835,29,23830,37,23840,44,23825,74,23845,32,23820,36,23850,25,23815,41,23855,21,23810,29,23830,24025,23615,23650,,23883,99058,11829170500,76982,,24830,22015,76206,23425,23535,5.0,0,5.0,500,0,0,0
2024-05-14 09:04:14.000000,23835,28,23830,36,23840,42,23825,74,23845,32,23820,35,23850,25,23815,41,23855,21,23810,30,23835,24025,23615,23650,,23883,99059,11829289675,76983,,24830,22015,76206,23425,23535,5.0,0,5.0,500,0,0,0
2024-05-14 09:04:14.500000,23835,37,23830,37,23840,32,23825,78,23845,32,23820,36,23850,25,23815,41,23855,21,23810,30,23835,24025,23615,23650,,23883,99062,11829647175,76983,,24830,22015,76206,23425,23535,5.0,0,5.0,500,0,0,0
2024-05-14 09:04:15.000000,23835,28,23830,37,23840,32,23825,78,23845,32,23820,36,23850,25,23815,41,23855,21,23810,30,23835,24025,23615,23650,,23883,99072,11830838925,76986,,24830,22015,76206,23425,23535,5.0,0,5.0,500,0,0,0
2024-05-14 09:04:15.500000,23840,29,23835,6,23845,32,23830,51,23850,17,23825,79,23855,21,23820,36,23860,28,23815,41,23835,24025,23615,23650,,23883,99100,11834175825,76968,,24830,22015,76206,23425,23535,5.0,0,5.0,500,0,0,0
2024-05-14 09:04:16.000000,23835,6,23830,55,23840,25,23825,81,23845,33,23820,36,23850,15,23815,40,23855,21,23810,30,23835,24025,23615,23650,,23883,99116,11836082625,76960,,24830,22015,76206,23425,23535,5.0,0,5.0,500,0,0,0
2024-05-14 09:04:16.500000,23835,6,23830,51,23840,27,23825,80,23845,33,23820,35,23850,15,23815,40,23855,21,23810,30,23835,24025,23615,23650,,23883,99121,11836678500,76955,,24830,22015,76206,23425,23535,5.0,0,5.0,500,0,0,0
2024-05-14 09:04:17.000000,23835,4,23830,52,23840,27,23825,80,23845,33,23820,35,23850,15,23815,43,23855,21,23810,31,23835,24025,23615,23650,,23883,99123,11836916850,76954,,24830,22015,76206,23425,23535,5.0,0,5.0,500,0,0,0
2024-05-14 09:04:17.500000,23840,27,23835,27,23845,33,23830,53,23850,15,23825,80,23855,21,23820,35,23860,28,23815,43,23835,24025,23615,23650,,23883,99138,11838704475,76941,,24830,22015,76206,23425,23535,5.0,0,5.0,500,0,0,0
2024-05-14 09:04:18.000000,23840,21,23835,32,23845,34,23830,56,23850,15,23825,82,23855,21,23820,31,23860,30,23815,43,23835,24025,23615,23650,,23883,99138,11838704475,76941,,24830,22015,76206,23425,23535,5.0,0,5.0,500,0,0,0
2024-05-14 09:04:18.500000,23845,34,23840,33,23850,15,23835,38,23855,21,23830,56,23860,30,23825,81,23865,68,23820,31,23840,24025,23615,23650,,23883,99150,11840134875,76943,,24830,22015,76206,23425,23535,5.0,0,5.0,500,0,0,0
2024-05-14 09:04:19.000000,23845,26,23840,31,23850,16,23835,44,23855,21,23830,55,23860,30,23825,78,23865,42,23820,31,23840,24025,23615,23650,,23883,99158,11841088475,76943,,24830,22015,76206,23425,23535,5.0,0,5.0,500,0,0,0
2024-05-14 09:04:19.500000,23845,24,23840,32,23850,16,23835,43,23855,21,23830,57,23860,30,23825,78,23865,34,23820,31,23840,24025,23615,23650,,23883,99160,11841326875,76942,,24830,22015,76206,23425,23535,5.0,0,5.0,500,0,0,0
2024-05-14 09:04:20.000000,23845,8,23840,33,23850,16,23835,43,23855,21,23830,57,23860,30,23825,78,23865,34,23820,31,23845,24025,23615,23650,,23883,99174,11842996025,76945,,24830,22015,76206,23425,23535,5.0,0,5.0,500,0,0,0
2024-05-14 09:04:20.500000,23850,15,23845,20,23855,22,23840,35,23860,30,23835,39,23865,34,23830,56,23870,34,23825,78,23845,24025,23615,23650,,23883,99187,11844545950,76934,,24830,22015,76206,23425,23535,5.0,0,5.0,500,0,0,0
2024-05-14 09:04:21.000000,23850,17,23845,10,23855,22,23840,28,23860,30,23835,33,23865,34,23830,56,23870,20,23825,78,23850,24025,23615,23650,,23883,99210,11847288175,76942,,24830,22015,76206,23425,23535,5.0,0,5.0,500,0,0,0
2024-05-14 09:04:21.500000,23845,31,23840,12,23850,23,23835,27,23855,22,23830,56,23860,30,23825,78,23865,34,23820,34,23840,24025,23615,23650,,23883,99242,11851102975,76949,,24830,22015,76206,23425,23535,5.0,0,5.0,500,0,0,0
2024-05-14 09:04:22.000000,23840,19,23830,56,23845,49,23825,78,23850,18,23820,34,23855,21,23815,51,23860,30,23810,46,23840,24025,23615,23650,,23883,99286,11856347100,76965,,24830,22015,76206,23425,23535,5.0,0,5.0,500,0,0,0
2024-05-14 09:04:22.500000,23835,17,23830,49,23840,19,23825,76,23845,27,23820,34,23850,18,23815,46,23855,22,23810,48,23835,24025,23615,23650,,23883,99312,11859445500,76966,,24830,22015,76206,23425,23535,5.0,0,5.0,500,0,0,0
2024-05-14 09:04:23.000000,23840,15,23830,46,23845,29,23825,76,23850,18,23820,34,23855,22,23815,46,23860,28,23810,34,23840,24025,23615,23650,,23883,99351,11864093450,76957,,24830,22015,76206,23425,23535,5.0,0,5.0,500,0,0,0
2024-05-14 09:04:23.500000,23840,16,23835,17,23845,29,23830,45,23850,19,23825,76,23855,22,23820,34,23860,30,23815,46,23840,24025,23615,23650,,23883,99354,11864451000,76955,,24830,22015,76206,23425,23535,5.0,0,5.0,500,0,0,0
2024-05-14 09:04:24.000000,23840,28,23835,36,23845,28,23830,49,23850,19,23825,78,23855,22,23820,34,23860,30,23815,46,23835,24025,23615,23650,,23883,99356,11864689375,76954,,24830,22015,76206,23425,23535,5.0,0,5.0,500,0,0,0
2024-05-14 09:04:24.500000,23840,28,23835,41,23845,28,23830,49,23850,19,23825,78,23855,22,23820,34,23860,30,23815,46,23835,24025,23615,23650,,23883,99356,11864689375,76954,,24830,22015,76206,23425,23535,5.0,0,5.0,500,0,0,0
2024-05-14 09:04:25.000000,23840,10,23835,44,23845,28,23830,49,23850,19,23825,78,23855,22,23820,34,23860,30,23815,46,23840,24025,23615,23650,,23883,99369,11866238975,76954,,24830,22015,76206,23425,23535,5.0,0,5.0,500,0,0,0
2024-05-14 09:04:25.500000,23845,28,23840,28,23850,18,23835,42,23855,23,23830,47,23860,30,23825,78,23865,34,23820,34,23840,24025,23615,23650,,23883,99379,11867430975,76948,,24830,22015,76206,23425,23535,5.0,0,5.0,500,0,0,0
2024-05-14 09:04:26.000000,23845,19,23840,37,23850,20,23835,45,23855,21,23830,51,23860,30,23825,78,23865,34,23820,34,23840,24025,23615,23650,,23883,99381,11867669375,76947,,24830,22015,76206,23425,23535,5.0,0,5.0,500,0,0,0
2024-05-14 09:04:26.500000,23850,20,23840,37,23855,21,23835,45,23860,30,23830,51,23865,34,23825,79,23870,25,23820,34,23845,24025,23615,23650,,23883,99390,11868742350,76948,,24830,22015,76206,23425,23535,5.0,0,5.0,500,0,0,0
2024-05-14 09:04:27.000000,23845,7,23840,38,23850,25,23835,45,23855,23,23830,52,23860,30,23825,79,23865,35,23820,34,23845,24025,23615,23650,,23883,99392,11868980800,76948,,24830,22015,76206,23425,23535,5.0,0,5.0,500,0,0,0
2024-05-14 09:04:27.500000,23845,20,23840,38,23850,26,23835,45,23855,23,23830,52,23860,30,23825,79,23865,35,23820,34,23845,24025,23615,23650,,23883,99393,11869100025,76949,,24830,22015,76206,23425,23535,5.0,0,5.0,500,0,0,0
2024-05-14 09:04:28.000000,23845,21,23840,38,23850,26,23835,45,23855,23,23830,52,23860,30,23825,80,23865,35,23820,34,23845,24025,23615,23650,,23883,99393,11869100025,76949,,24830,22015,76206,23425,23535,5.0,0,5.0,500,0,0,0
2024-05-14 09:04:28.500000,23845,26,23840,30,23850,24,23835,45,23855,23,23830,52,23860,30,23825,80,23865,35,23820,34,23845,24025,23615,23650,,23883,99395,11869338475,76951,,24830,22015,76206,23425,23535,5.0,0,5.0,500,0,0,0
2024-05-14 09:04:29.000000,23845,30,23840,33,23850,24,23835,45,23855,21,23830,52,23860,30,23825,77,23865,35,23820,34,23845,24025,23615,23650,,23883,99396,11869457700,76951,,24830,22015,76206,23425,23535,5.0,0,5.0,500,0,0,0
2024-05-14 09:04:29.500000,23845,20,23840,30,23850,26,23835,45,23855,21,23830,56,23860,30,23825,77,23865,35,23820,34,23845,24025,23615,23650,,23883,99403,11870292225,76945,,24830,22015,76206,23425,23535,5.0,0,5.0,500,0,0,0
2024-05-14 09:04:30.000000,23845,12,23840,30,23850,28,23835,46,23855,23,23830,56,23860,30,23825,77,23865,35,23820,34,23840,24025,23615,23650,,23883,99415,11871722900,76946,,24830,22015,76206,23425,23535,5.0,0,5.0,500,0,0,0
2024-05-14 09:04:30.500000,23845,12,23840,30,23850,28,23835,46,23855,23,23830,56,23860,30,23825,77,23865,35,23820,35,23840,24025,23615,23650,,23883,99415,11871722900,76946,,24830,22015,76206,23425,23535,5.0,0,5.0,500,0,0,0
2024-05-14 09:04:31.000000,23845,12,23840,30,23850,28,23835,46,23855,23,23830,56,23860,30,23825,77,23865,35,23820,40,23845,24025,23615,23650,,23883,99418,11872080575,76943,,24830,22015,76206,23425,23535,5.0,0,5.0,500,0,0,0
2024-05-14 09:04:31.500000,23845,19,23840,28,23850,28,23835,46,23855,23,23830,56,23860,30,23825,77,23865,35,23820,40,23840,24025,23615,23650,,23883,99420,11872318975,76943,,24830,22015,76206,23425,23535,5.0,0,5.0,500,0,0,0
2024-05-14 09:04:32.000000,23845,22,23840,27,23850,28,23835,46,23855,23,23830,56,23860,30,23825,77,23865,34,23820,40,23845,24025,23615,23650,,23883,99423,11872676650,76942,,24830,22015,76206,23425,23535,5.0,0,5.0,500,0,0,0
2024-05-14 09:04:32.500000,23845,22,23840,33,23850,28,23835,46,23855,23,23830,56,23860,30,23825,77,23865,34,23820,40,23845,24025,23615,23650,,23883,99423,11872676650,76942,,24830,22015,76206,23425,23535,5.0,0,5.0,500,0,0,0
2024-05-14 09:04:33.000000,23845,19,23840,33,23850,28,23835,46,23855,23,23830,56,23860,30,23825,77,23865,34,23820,40,23845,24025,23615,23650,,23883,99423,11872676650,76942,,24830,22015,76206,23425,23535,5.0,0,5.0,500,0,0,0
2024-05-14 09:04:33.500000,23845,20,23840,34,23850,28,23835,46,23855,23,23830,56,23860,30,23825,77,23865,34,23820,41,23845,24025,23615,23650,,23883,99423,11872676650,76942,,24830,22015,76206,23425,23535,5.0,0,5.0,500,0,0,0
2024-05-14 09:04:34.000000,23845,16,23840,31,23850,28,23835,31,23855,23,23830,56,23860,30,23825,77,23865,34,23820,41,23845,24025,23615,23650,,23883,99439,11874584225,76943,,24830,22015,76206,23425,23535,5.0,0,5.0,500,0,0,0
2024-05-14 09:04:34.500000,23845,15,23840,32,23850,28,23835,33,23855,23,23830,51,23860,30,23825,77,23865,34,23820,41,23845,24025,23615,23650,,23883,99441,11874822675,76941,,24830,22015,76206,23425,23535,5.0,0,5.0,500,0,0,0
2024-05-14 09:04:35.000000,23845,10,23840,31,23850,28,23835,33,23855,23,23830,51,23860,30,23825,77,23865,34,23820,41,23845,24025,23615,23650,,23883,99445,11875299550,76942,,24830,22015,76206,23425,23535,5.0,0,5.0,500,0,0,0
2024-05-14 09:04:35.500000,23845,6,23840,33,23850,27,23835,33,23855,23,23830,51,23860,30,23825,77,23865,34,23820,42,23845,24025,23615,23650,,23883,99455,11876491800,76950,,24830,22015,76206,23425,23535,5.0,0,5.0,500,0,0,0
2024-05-14 09:04:36.000000,23850,27,23845,1,23855,23,23840,33,23860,30,23835,33,23865,34,23830,51,23870,25,23825,77,23845,24025,23615,23650,,23883,99462,11877326375,76955,,24830,22015,76206,23425,23535,5.0,0,5.0,500,0,0,0
2024-05-14 09:04:36.500000,23845,1,23840,37,23850,31,23835,24,23855,23,23830,51,23860,30,23825,77,23865,34,23820,42,23845,24025,23615,23650,,23883,99484,11879949325,76963,,24830,22015,76206,23425,23535,5.0,0,5.0,500,0,0,0
2024-05-14 09:04:37.000000,23845,4,23840,33,23850,30,23835,24,23855,23,23830,52,23860,30,23825,77,23865,34,23820,42,23845,24025,23615,23650,,23883,99487,11880307000,76964,,24830,22015,76206,23425,23535,5.0,0,5.0,500,0,0,0
2024-05-14 09:04:37.500000,23850,28,23840,35,23855,23,23835,24,23860,30,23830,52,23865,34,23825,77,23870,20,23820,42,23845,24025,23615,23650,,23883,99502,11882095375,76974,,24830,22015,76206,23425,23535,5.0,0,5.0,500,0,0,0
2024-05-14 09:04:38.000000,23850,34,23845,1,23855,25,23840,32,23860,30,23835,24,23865,34,23830,52,23870,20,23825,77,23850,24025,23615,23650,,23883,99513,11883407000,76974,,24830,22015,76206,23425,23535,5.0,0,5.0,500,0,0,0
2024-05-14 09:04:38.500000,23850,21,23845,12,23855,25,23840,36,23860,30,23835,24,23865,34,23830,52,23870,20,23825,77,23845,24025,23615,23650,,23883,99524,11884718450,76978,,24830,22015,76206,23425,23535,5.0,0,5.0,500,0,0,0
2024-05-14 09:04:39.000000,23850,19,23845,10,23855,27,23840,41,23860,30,23835,24,23865,34,23830,51,23870,20,23825,77,23845,24025,23615,23650,,23883,99537,11886268375,76973,,24830,22015,76206,23425,23535,5.0,0,5.0,500,0,0,0
2024-05-14 09:04:39.500000,23850,20,23845,18,23855,27,23840,41,23860,30,23835,24,23865,34,23830,51,23870,20,23825,78,23845,24025,23615,23650,,23883,99547,11887460625,76974,,24830,22015,76206,23425,23535,5.0,0,5.0,500,0,0,0
2024-05-14 09:04:40.000000,23850,17,23845,19,23855,27,23840,46,23860,30,23835,24,23865,34,23830,51,23870,20,23825,77,23850,24025,23615,23650,,23883,99549,11887699125,76975,,24830,22015,76206,23425,23535,5.0,0,5.0,500,0,0,0
2024-05-14 09:04:40.500000,23850,10,23845,21,23855,27,23840,46,23860,30,23835,24,23865,34,23830,51,23870,20,23825,77,23850,24025,23615,23650,,23883,99552,11888056875,76974,,24830,22015,76206,23425,23535,5.0,0,5.0,500,0,0,0
2024-05-14 09:04:41.000000,23855,27,23850,10,23860,30,23845,23,23865,34,23840,46,23870,20,23835,24,23875,34,23830,51,23850,24025,23615,23650,,23883,99564,11889487875,76969,,24830,22015,76206,23425,23535,5.0,0,5.0,500,0,0,0
2024-05-14 09:04:41.500000,23855,25,23850,8,23860,31,23845,30,23865,29,23840,33,23870,20,23835,24,23875,22,23830,49,23850,24025,23615,23650,,23883,99577,11891038150,76965,,24830,22015,76206,23425,23535,5.0,0,5.0,500,0,0,0
2024-05-14 09:04:42.000000,23850,5,23845,20,23855,26,23840,33,23860,31,23835,24,23865,29,23830,49,23870,20,23825,77,23850,24025,23615,23650,,23883,99602,11894019150,76976,,24830,22015,76206,23425,23535,5.0,0,5.0,500,0,0,0
2024-05-14 09:04:42.500000,23850,6,23845,7,23855,24,23840,33,23860,31,23835,24,23865,29,23830,49,23870,20,23825,79,23850,24025,23615,23650,,23883,99632,11897596425,76974,,24830,22015,76206,23425,23535,5.0,0,5.0,500,0,0,0
2024-05-14 09:04:43.000000,23850,23,23845,19,23855,26,23840,33,23860,31,23835,24,23865,29,23830,49,23870,20,23825,79,23850,24025,23615,23650,,23883,99632,11897596425,76974,,24830,22015,76206,23425,23535,5.0,0,5.0,500,0,0,0
2024-05-14 09:04:43.500000,23850,15,23845,7,23855,26,23840,33,23860,29,23835,24,23865,29,23830,49,23870,20,23825,78,23850,24025,23615,23650,,23883,99651,11899862075,76986,,24830,22015,76206,23425,23535,5.0,0,5.0,500,0,0,0
2024-05-14 09:04:44.000000,23850,20,23845,3,23855,26,23840,33,23860,29,23835,24,23865,29,23830,49,23870,20,23825,78,23845,24025,23615,23650,,23883,99658,11900696650,76993,,24830,22015,76206,23425,23535,5.0,0,5.0,500,0,0,0
2024-05-14 09:04:44.500000,23845,16,23840,31,23850,29,23835,24,23855,28,23830,45,23860,29,23825,78,23865,29,23820,40,23845,24025,23615,23650,,23883,99663,11901292775,76995,,24830,22015,76206,23425,23535,5.0,0,5.0,500,0,0,0
2024-05-14 09:04:45.000000,23845,19,23840,16,23850,24,23835,24,23855,28,23830,45,23860,29,23825,78,23865,29,23820,40,23840,24025,23615,23650,,23883,99677,11902961625,76986,,24830,22015,76206,23425,23535,5.0,0,5.0,500,0,0,0
2024-05-14 09:04:45.500000,23845,21,23840,4,23850,24,23835,24,23855,26,23830,32,23860,29,23825,78,23865,30,23820,40,23845,24025,23615,23650,,23883,99703,11906061150,76976,,24830,22015,76206,23425,23535,5.0,0,5.0,500,0,0,0
2024-05-14 09:04:46.000000,23845,22,23840,17,23850,25,23835,24,23855,26,23830,32,23860,29,23825,78,23865,30,23820,40,23840,24025,23615,23650,,23883,99704,11906180350,76977,,24830,22015,76206,23425,23535,5.0,0,5.0,500,0,0,0
2024-05-14 09:04:46.500000,23845,20,23840,18,23850,27,23835,24,23855,26,23830,32,23860,30,23825,78,23865,30,23820,40,23845,24025,23615,23650,,23883,99705,11906299575,76978,,24830,22015,76206,23425,23535,5.0,0,5.0,500,0,0,0
2024-05-14 09:04:47.000000,23845,23,23840,20,23850,29,23835,24,23855,26,23830,32,23860,30,23825,79,23865,30,23820,40,23845,24025,23615,23650,,23883,99706,11906418800,76978,,24830,22015,76206,23425,23535,5.0,0,5.0,500,0,0,0
2024-05-14 09:04:47.500000,23845,36,23840,21,23850,29,23835,24,23855,26,23830,32,23860,30,23825,79,23865,30,23820,40,23845,24025,23615,23650,,23883,99708,11906657250,76979,,24830,22015,76206,23425,23535,5.0,0,5.0,500,0,0,0
2024-05-14 09:04:48.000000,23845,38,23840,16,23850,29,23835,24,23855,26,23830,28,23860,30,23825,79,23865,30,23820,40,23845,24025,23615,23650,,23883,99709,11906776475,76979,,24830,22015,76206,23425,23535,5.0,0,5.0,500,0,0,0
2024-05-14 09:04:48.500000,23845,34,23840,16,23850,29,23835,28,23855,26,23830,28,23860,30,23825,79,23865,30,23820,40,23845,24025,23615,23650,,23883,99713,11907253375,76975,,24830,22015,76206,23425,23535,5.0,0,5.0,500,0,0,0
2024-05-14 09:04:49.000000,23845,24,23840,18,23850,31,23835,28,23855,26,23830,28,23860,30,23825,79,23865,30,23820,40,23845,24025,23615,23650,,23883,99720,11908087950,76973,,24830,22015,76206,23425,23535,5.0,0,5.0,500,0,0,0
2024-05-14 09:04:49.500000,23850,31,23845,10,23855,24,23840,27,23860,30,23835,28,23865,30,23830,28,23870,20,23825,79,23845,24025,23615,23650,,23883,99744,11910949350,76966,,24830,22015,76206,23425,23535,5.0,0,5.0,500,0,0,0
2024-05-14 09:04:50.000000,23850,18,23845,16,23855,26,23840,33,23860,30,23835,28,23865,30,23830,28,23870,20,23825,79,23845,24025,23615,23650,,23883,99744,11910949350,76966,,24830,22015,76206,23425,23535,5.0,0,5.0,500,0,0,0
2024-05-14 09:04:50.500000,23850,22,23845,18,23855,26,23840,36,23860,30,23835,28,23865,30,23830,28,23870,20,23825,79,23845,24025,23615,23650,,23883,99744,11910949350,76966,,24830,22015,76206,23425,23535,5.0,0,5.0,500,0,0,0
2024-05-14 09:04:51.000000,23850,20,23845,19,23855,26,23840,36,23860,29,23835,28,23865,30,23830,28,23870,20,23825,79,23850,24025,23615,23650,,23883,99746,11911187850,76965,,24830,22015,76206,23425,23535,5.0,0,5.0,500,0,0,0
2024-05-14 09:04:51.500000,23850,27,23845,18,23855,26,23840,36,23860,29,23835,28,23865,30,23830,28,23870,20,23825,79,23850,24025,23615,23650,,23883,99747,11911307100,76965,,24830,22015,76206,23425,23535,5.0,0,5.0,500,0,0,0
2024-05-14 09:04:52.000000,23845,3,23840,36,23850,46,23835,29,23855,26,23830,28,23860,29,23825,79,23865,31,23820,40,23845,24025,23615,23650,,23883,99769,11913930050,76957,,24830,22015,76206,23425,23535,5.0,0,5.0,500,0,0,0
2024-05-14 09:04:52.500000,23845,26,23840,15,23850,41,23835,29,23855,26,23830,28,23860,29,23825,79,23865,31,23820,40,23845,24025,23615,23650,,23883,99788,11916194975,76950,,24830,22015,76206,23425,23535,5.0,0,5.0,500,0,0,0
2024-05-14 09:04:53.000000,23840,33,23835,29,23845,38,23830,28,23850,36,23825,79,23855,34,23820,40,23860,29,23815,56,23840,24025,23615,23650,,23883,99808,11918578975,76948,,24830,22015,76206,23425,23535,5.0,0,5.0,500,0,0,0
2024-05-14 09:04:53.500000,23840,44,23835,26,23845,37,23830,28,23850,28,23825,79,23855,34,23820,40,23860,27,23815,51,23840,24025,23615,23650,,23883,99808,11918578975,76948,,24830,22015,76206,23425,23535,5.0,0,5.0,500,0,0,0
2024-05-14 09:04:54.000000,23840,29,23835,18,23845,37,23830,28,23850,30,23825,79,23855,31,23820,40,23860,27,23815,51,23835,24025,23615,23650,,23883,99831,11921320375,76954,,24830,22015,76206,23425,23535,5.0,0,5.0,500,0,0,0
2024-05-14 09:04:54.500000,23840,29,23835,21,23845,37,23830,28,23850,30,23825,79,23855,31,23820,40,23860,27,23815,51,23835,24025,23615,23650,,23883,99831,11921320375,76954,,24830,22015,76206,23425,23535,5.0,0,5.0,500,0,0,0
2024-05-14 09:04:55.000000,23840,27,23835,23,23845,37,23830,28,23850,30,23825,79,23855,31,23820,40,23860,27,23815,51,23840,24025,23615,23650,,23883,99833,11921558775,76956,,24830,22015,76206,23425,23535,5.0,0,5.0,500,0,0,0
2024-05-14 09:04:55.500000,23840,14,23835,27,23845,32,23830,28,23850,31,23825,79,23855,31,23820,40,23860,27,23815,51,23840,24025,23615,23650,,23883,99846,11923108375,76956,,24830,22015,76206,23425,23535,5.0,0,5.0,500,0,0,0
2024-05-14 09:04:56.000000,23845,32,23840,79,23850,31,23835,31,23855,31,23830,28,23860,27,23825,79,23865,36,23820,40,23840,24025,23615,23650,,23883,99866,11925492375,76949,,24830,22015,76206,23425,23535,5.0,0,5.0,500,0,0,0
2024-05-14 09:04:56.500000,23850,33,23845,1,23855,31,23840,87,23860,27,23835,30,23865,38,23830,28,23870,20,23825,79,23845,24025,23615,23650,,23883,99883,11927519200,76960,,24830,22015,76206,23425,23535,5.0,0,5.0,500,0,0,0
2024-05-14 09:04:57.000000,23845,10,23840,67,23850,30,23835,28,23855,31,23830,28,23860,27,23825,79,23865,38,23820,40,23840,24025,23615,23650,,23883,99901,11929665225,76962,,24830,22015,76206,23425,23535,5.0,0,5.0,500,0,0,0
2024-05-14 09:04:57.500000,23845,12,23840,64,23850,35,23835,28,23855,31,23830,28,23860,27,23825,79,23865,38,23820,40,23845,24025,23615,23650,,23883,99916,11931453600,76971,,24830,22015,76206,23425,23535,5.0,0,5.0,500,0,0,0
2024-05-14 09:04:58.000000,23845,14,23840,61,23850,45,23835,28,23855,31,23830,30,23860,27,23825,79,23865,38,23820,40,23845,24025,23615,23650,,23883,99916,11931453600,76971,,24830,22015,76206,23425,23535,5.0,0,5.0,500,0,0,0
2024-05-14 09:04:58.500000,23845,15,23840,34,23850,45,23835,29,23855,31,23830,30,23860,27,23825,79,23865,38,23820,40,23845,24025,23615,23650,,23883,99916,11931453600,76971,,24830,22015,76206,23425,23535,5.0,0,5.0,500,0,0,0
2024-05-14 09:04:59.000000,23845,24,23840,8,23850,45,23835,29,23855,31,23830,30,23860,27,23825,79,23865,39,23820,40,23840,24025,23615,23650,,23883,99942,11934552800,76980,,24830,22015,76206,23425,23535,5.0,0,5.0,500,0,0,0
2024-05-14 09:04:59.500000,23840,53,23835,29,23845,24,23830,30,23850,45,23825,79,23855,31,23820,40,23860,27,23815,51,23840,24025,23615,23650,,23883,99958,11936460000,76991,,24830,22015,76206,23425,23535,5.0,0,5.0,500,0,0,0
2024-05-14 09:05:00.000000,23840,43,23835,25,23845,38,23830,30,23850,35,23825,79,23855,31,23820,40,23860,27,23815,51,23840,24025,23615,23650,,23883,99970,11937890400,76987,,24830,22015,76206,23425,23535,5.0,0,5.0,500,0,0,0
2024-05-14 09:05:00.500000,23840,13,23835,26,23845,37,23830,29,23850,31,23825,79,23855,32,23820,40,23860,27,23815,51,23840,24025,23615,23650,,23883,99988,11940035975,76982,,24830,22015,76206,23425,23535,5.0,0,5.0,500,0,0,0
2024-05-14 09:05:01.000000,23845,37,23840,79,23850,31,23835,27,23855,32,23830,29,23860,27,23825,79,23865,37,23820,45,23840,24025,23615,23650,,23883,100004,11941943175,76982,,24830,22015,76206,23425,23535,5.0,0,5.0,500,0,0,0
2024-05-14 09:05:01.500000,23850,30,23845,74,23855,32,23840,91,23860,27,23835,26,23865,39,23830,29,23870,20,23825,79,23845,24025,23615,23650,,23883,100043,11946592975,76964,,24830,22015,76206,23425,23535,5.0,0,5.0,500,0,0,0
2024-05-14 09:05:02.000000,23855,32,23850,69,23860,27,23845,87,23865,39,23840,72,23870,23,23835,22,23875,21,23830,29,23850,24025,23615,23650,,23883,100074,11950289725,76953,,24830,22015,76206,23425,23535,5.0,0,5.0,500,0,0,0
2024-05-14 09:05:02.500000,23855,1,23850,81,23860,27,23845,85,23865,34,23840,69,23870,23,23835,22,23875,16,23830,29,23855,24025,23615,23650,,23883,100104,11953867950,76967,,24830,22015,76206,23425,23535,5.0,0,5.0,500,0,0,0
2024-05-14 09:05:03.000000,23860,26,23855,1,23865,33,23850,83,23870,23,23845,85,23875,19,23840,69,23880,61,23835,22,23860,24025,23615,23650,,23883,100115,11955180000,76962,,24830,22015,76206,23425,23535,5.0,0,5.0,500,0,0,0
2024-05-14 09:05:03.500000,23855,46,23850,82,23860,28,23845,89,23865,32,23840,55,23870,23,23835,22,23875,19,23830,29,23855,24025,23615,23650,,23883,100130,11956969125,76970,,24830,22015,76206,23425,23535,5.0,0,5.0,500,0,0,0
2024-05-14 09:05:04.000000,23855,53,23850,34,23860,28,23845,87,23865,32,23840,55,23870,23,23835,23,23875,19,23830,29,23855,24025,23615,23650,,23883,100180,11962931650,77015,,24830,22015,76206,23425,23535,5.0,0,5.0,500,0,0,0
2024-05-14 09:05:04.500000,23850,77,23845,84,23855,39,23840,55,23860,28,23835,23,23865,32,23830,29,23870,23,23825,83,23850,24025,23615,23650,,23883,100219,11967582400,77023,,24830,22015,76206,23425,23535,5.0,0,5.0,500,0,0,0
2024-05-14 09:05:05.000000,23850,50,23845,41,23855,46,23840,55,23860,28,23835,23,23865,33,23830,29,23870,23,23825,85,23845,24025,23615,23650,,23883,100281,11974975025,77004,,24830,22015,76206,23425,23535,5.0,0,5.0,500,0,0,0
2024-05-14 09:05:05.500000,23850,53,23845,17,23855,46,23840,53,23860,28,23835,23,23865,33,23830,29,23870,23,23825,85,23845,24025,23615,23650,,23883,100305,11977836425,77017,,24830,22015,76206,23425,23535,5.0,0,5.0,500,0,0,0
2024-05-14 09:05:06.000000,23845,48,23840,36,23850,53,23835,23,23855,46,23830,29,23860,28,23825,85,23865,23,23820,46,23845,24025,23615,23650,,23883,100331,11980936275,77035,,24830,22015,76206,23425,23535,5.0,0,5.0,500,0,0,0
2024-05-14 09:05:06.500000,23845,30,23840,27,23850,50,23835,23,23855,51,23830,29,23860,28,23825,85,23865,23,23820,41,23845,24025,23615,23650,,23883,100353,11983559025,77036,,24830,22015,76206,23425,23535,5.0,0,5.0,500,0,0,0
2024-05-14 09:05:07.000000,23845,11,23840,21,23850,50,23835,23,23855,30,23830,29,23860,28,23825,85,23865,23,23820,41,23840,24025,23615,23650,,23883,100379,11986658700,77024,,24830,22015,76206,23425,23535,5.0,0,5.0,500,0,0,0
2024-05-14 09:05:07.500000,23845,1,23840,26,23850,49,23835,23,23855,30,23830,29,23860,28,23825,85,23865,31,23820,41,23845,24025,23615,23650,,23883,100391,11988089400,77022,,24830,22015,76206,23425,23535,5.0,0,5.0,500,0,0,0
2024-05-14 09:05:08.000000,23850,49,23845,11,23855,30,23840,28,23860,28,23835,23,23865,31,23830,29,23870,23,23825,85,23845,24025,23615,23650,,23883,100396,11988685525,77020,,24830,22015,76206,23425,23535,5.0,0,5.0,500,0,0,0
2024-05-14 09:05:08.500000,23850,49,23845,10,23855,31,23840,34,23860,29,23835,23,23865,31,23830,29,23870,23,23825,85,23845,24025,23615,23650,,23883,100404,11989639325,77019,,24830,22015,76206,23425,23535,5.0,0,5.0,500,0,0,0
2024-05-14 09:05:09.000000,23850,47,23845,8,23855,30,23840,35,23860,29,23835,23,23865,31,23830,29,23870,23,23825,85,23850,24025,23615,23650,,23883,100406,11989877800,77017,,24830,22015,76206,23425,23535,5.0,0,5.0,500,0,0,0
2024-05-14 09:05:09.500000,23850,47,23845,11,23855,30,23840,36,23860,30,23835,23,23865,31,23830,29,23870,23,23825,85,23845,24025,23615,23650,,23883,100407,11989997025,77017,,24830,22015,76206,23425,23535,5.0,0,5.0,500,0,0,0
2024-05-14 09:05:10.000000,23850,46,23845,14,23855,30,23840,36,23860,31,23835,23,23865,31,23830,29,23870,23,23825,85,23850,24025,23615,23650,,23883,100408,11990116275,77018,,24830,22015,76206,23425,23535,5.0,0,5.0,500,0,0,0
2024-05-14 09:05:10.500000,23850,45,23845,13,23855,30,23840,36,23860,31,23835,23,23865,31,23830,29,23870,23,23825,85,23850,24025,23615,23650,,23883,100410,11990354750,77018,,24830,22015,76206,23425,23535,5.0,0,5.0,500,0,0,0
2024-05-14 09:05:11.000000,23850,45,23845,12,23855,30,23840,36,23860,31,23835,23,23865,31,23830,29,23870,23,23825,85,23850,24025,23615,23650,,23883,100412,11990593225,77019,,24830,22015,76206,23425,23535,5.0,0,5.0,500,0,0,0
2024-05-14 09:05:11.500000,23850,45,23845,18,23855,30,23840,31,23860,31,23835,23,23865,31,23830,29,23870,23,23825,85,23850,24025,23615,23650,,23883,100412,11990593225,77019,,24830,22015,76206,23425,23535,5.0,0,5.0,500,0,0,0
2024-05-14 09:05:12.000000,23850,45,23845,17,23855,30,23840,32,23860,31,23835,23,23865,31,23830,29,23870,23,23825,85,23845,24025,23615,23650,,23883,100415,11990950900,77020,,24830,22015,76206,23425,23535,5.0,0,5.0,500,0,0,0
2024-05-14 09:05:12.500000,23850,43,23845,18,23855,30,23840,32,23860,31,23835,23,23865,31,23830,29,23870,23,23825,85,23850,24025,23615,23650,,23883,100417,11991189400,77022,,24830,22015,76206,23425,23535,5.0,0,5.0,500,0,0,0
2024-05-14 09:05:13.000000,23850,14,23845,20,23855,30,23840,32,23860,31,23835,23,23865,31,23830,29,23870,23,23825,85,23850,24025,23615,23650,,23883,100445,11994528400,77047,,24830,22015,76206,23425,23535,5.0,0,5.0,500,0,0,0
2024-05-14 09:05:13.500000,23855,29,23850,32,23860,31,23845,25,23865,31,23840,33,23870,23,23835,23,23875,19,23830,29,23850,24025,23615,23650,,23883,100459,11996197900,77039,,24830,22015,76206,23425,23535,5.0,0,5.0,500,0,0,0
2024-05-14 09:05:14.000000,23855,19,23850,42,23860,31,23845,26,23865,31,23840,30,23870,23,23835,23,23875,19,23830,30,23850,24025,23615,23650,,23883,100459,11996197900,77039,,24830,22015,76206,23425,23535,5.0,0,5.0,500,0,0,0
2024-05-14 09:05:14.500000,23860,31,23850,44,23865,31,23845,27,23870,23,23840,29,23875,19,23835,23,23880,37,23830,30,23850,24025,23615,23650,,23883,100484,11999179700,77037,,24830,22015,76206,23425,23535,5.0,0,5.0,500,0,0,0
2024-05-14 09:05:15.000000,23860,30,23855,10,23865,28,23850,41,23870,23,23845,30,23875,19,23840,29,23880,39,23835,23,23850,24025,23615,23650,,23883,100484,11999179700,77037,,24830,22015,76206,23425,23535,5.0,0,5.0,500,0,0,0
2024-05-14 09:05:15.500000,23860,28,23855,13,23865,28,23850,40,23870,23,23845,29,23875,19,23840,30,23880,39,23835,23,23850,24025,23615,23650,,23883,100484,11999179700,77037,,24830,22015,76206,23425,23535,5.0,0,5.0,500,0,0,0
2024-05-14 09:05:16.000000,23860,29,23855,14,23865,28,23850,42,23870,23,23845,29,23875,19,23840,30,23880,39,23835,24,23850,24025,23615,23650,,23883,100484,11999179700,77037,,24830,22015,76206,23425,23535,5.0,0,5.0,500,0,0,0
2024-05-14 09:05:16.500000,23860,29,23855,15,23865,28,23850,34,23870,23,23845,30,23875,19,23840,30,23880,39,23835,24,23850,24025,23615,23650,,23883,100484,11999179700,77037,,24830,22015,76206,23425,23535,5.0,0,5.0,500,0,0,0
2024-05-14 09:05:17.000000,23860,29,23855,14,23865,28,23850,34,23870,23,23845,30,23875,20,23840,30,23880,39,23835,24,23850,24025,23615,23650,,23883,100485,11999298950,77037,,24830,22015,76206,23425,23535,5.0,0,5.0,500,0,0,0
2024-05-14 09:05:17.500000,23860,29,23855,12,23865,29,23850,34,23870,23,23845,30,23875,20,23840,30,23880,39,23835,24,23855,24025,23615,23650,,23883,100486,11999418225,77038,,24830,22015,76206,23425,23535,5.0,0,5.0,500,0,0,0
2024-05-14 09:05:18.000000,23860,29,23855,16,23865,29,23850,34,23870,23,23845,30,23875,20,23840,30,23880,39,23835,24,23855,24025,23615,23650,,23883,100486,11999418225,77038,,24830,22015,76206,23425,23535,5.0,0,5.0,500,0,0,0
2024-05-14 09:05:18.500000,23860,31,23855,16,23865,29,23850,34,23870,23,23845,30,23875,20,23840,30,23880,39,23835,24,23855,24025,23615,23650,,23883,100490,11999895400,77040,,24830,22015,76206,23425,23535,5.0,0,5.0,500,0,0,0
2024-05-14 09:05:19.000000,23860,32,23855,20,23865,29,23850,34,23870,23,23845,30,23875,20,23840,30,23880,39,23835,24,23855,24025,23615,23650,,23883,100490,11999895400,77040,,24830,22015,76206,23425,23535,5.0,0,5.0,500,0,0,0
2024-05-14 09:05:19.500000,23860,32,23855,17,23865,29,23850,34,23870,24,23845,30,23875,20,23840,31,23880,39,23835,23,23855,24025,23615,23650,,23883,100494,12000372500,77040,,24830,22015,76206,23425,23535,5.0,0,5.0,500,0,0,0
2024-05-14 09:05:20.000000,23860,31,23855,18,23865,29,23850,34,23870,24,23845,30,23875,20,23840,31,23880,39,23835,23,23855,24025,23615,23650,,23883,100496,12000611075,77040,,24830,22015,76206,23425,23535,5.0,0,5.0,500,0,0,0
2024-05-14 09:05:20.500000,23860,31,23855,17,23865,29,23850,34,23870,24,23845,30,23875,20,23840,31,23880,39,23835,23,23855,24025,23615,23650,,23883,100497,12000730350,77040,,24830,22015,76206,23425,23535,5.0,0,5.0,500,0,0,0
2024-05-14 09:05:21.000000,23860,32,23855,14,23865,29,23850,34,23870,24,23845,30,23875,20,23840,31,23880,39,23835,23,23855,24025,23615,23650,,23883,100500,12001088175,77040,,24830,22015,76206,23425,23535,5.0,0,5.0,500,0,0,0
2024-05-14 09:05:21.500000,23860,39,23855,9,23865,29,23850,34,23870,25,23845,30,23875,20,23840,31,23880,39,23835,23,23860,24025,23615,23650,,23883,100514,12002758050,77036,,24830,22015,76206,23425,23535,5.0,0,5.0,500,0,0,0
2024-05-14 09:05:22.000000,23860,40,23855,3,23865,29,23850,31,23870,25,23845,30,23875,21,23840,31,23880,39,23835,22,23855,24025,23615,23650,,23883,100527,12004308625,77041,,24830,22015,76206,23425,23535,5.0,0,5.0,500,0,0,0
2024-05-14 09:05:22.500000,23855,11,23850,31,23860,40,23845,30,23865,30,23840,31,23870,25,23835,22,23875,21,23830,30,23855,24025,23615,23650,,23883,100545,12006455575,77049,,24830,22015,76206,23425,23535,5.0,0,5.0,500,0,0,0
2024-05-14 09:05:23.000000,23855,4,23850,30,23860,37,23845,30,23865,30,23840,31,23870,25,23835,22,23875,21,23830,40,23855,24025,23615,23650,,23883,100573,12009795275,77045,,24830,22015,76206,23425,23535,5.0,0,5.0,500,0,0,0
2024-05-14 09:05:23.500000,23860,51,23855,15,23865,30,23850,30,23870,25,23845,30,23875,21,23840,32,23880,39,23835,22,23860,24025,23615,23650,,23883,100594,12012300100,77058,,24830,22015,76206,23425,23535,5.0,0,5.0,500,0,0,0
2024-05-14 09:05:24.000000,23860,46,23855,20,23865,30,23850,31,23870,25,23845,31,23875,21,23840,32,23880,39,23835,22,23860,24025,23615,23650,,23883,100594,12012300100,77058,,24830,22015,76206,23425,23535,5.0,0,5.0,500,0,0,0
2024-05-14 09:05:24.500000,23860,46,23855,19,23865,40,23850,31,23870,25,23845,31,23875,21,23840,32,23880,39,23835,22,23855,24025,23615,23650,,23883,100596,12012538650,77058,,24830,22015,76206,23425,23535,5.0,0,5.0,500,0,0,0
2024-05-14 09:05:25.000000,23860,46,23855,13,23865,40,23850,31,23870,25,23845,31,23875,22,23840,32,23880,39,23835,22,23860,24025,23615,23650,,23883,100600,12013015775,77057,,24830,22015,76206,23425,23535,5.0,0,5.0,500,0,0,0
2024-05-14 09:05:25.500000,23855,6,23850,31,23860,47,23845,31,23865,40,23840,32,23870,25,23835,22,23875,22,23830,40,23855,24025,23615,23650,,23883,100614,12014685625,77052,,24830,22015,76206,23425,23535,5.0,0,5.0,500,0,0,0
2024-05-14 09:05:26.000000,23855,20,23850,21,23860,49,23845,31,23865,40,23840,32,23870,26,23835,22,23875,22,23830,40,23855,24025,23615,23650,,23883,100614,12014685625,77052,,24830,22015,76206,23425,23535,5.0,0,5.0,500,0,0,0
2024-05-14 09:05:26.500000,23860,47,23845,31,23865,40,23840,32,23870,26,23835,22,23875,22,23830,40,23880,39,23825,88,23860,24025,23615,23650,,23883,100675,12021960475,77008,,24830,22015,76206,23425,23535,5.0,0,5.0,500,0,0,0
2024-05-14 09:05:27.000000,23855,56,23850,15,23860,46,23845,28,23865,40,23840,31,23870,26,23835,22,23875,22,23830,40,23850,24025,23615,23650,,23883,100681,12022675975,77013,,24830,22015,76206,23425,23535,5.0,0,5.0,500,0,0,0
2024-05-14 09:05:27.500000,23850,17,23845,29,23855,57,23840,31,23860,47,23835,22,23865,40,23830,40,23870,26,23825,88,23850,24025,23615,23650,,23883,100709,12026014975,77019,,24830,22015,76206,23425,23535,5.0,0,5.0,500,0,0,0
2024-05-14 09:05:28.000000,23850,15,23845,27,23855,56,23840,30,23860,54,23835,22,23865,40,23830,40,23870,28,23825,85,23850,24025,23615,23650,,23883,100712,12026372725,77019,,24830,22015,76206,23425,23535,5.0,0,5.0,500,0,0,0
2024-05-14 09:05:28.500000,23850,6,23845,24,23855,57,23840,30,23860,54,23835,22,23865,40,23830,40,23870,28,23825,85,23850,24025,23615,23650,,23883,100721,12027445975,77025,,24830,22015,76206,23425,23535,5.0,0,5.0,500,0,0,0
2024-05-14 09:05:29.000000,23855,57,23850,1,23860,54,23845,24,23865,41,23840,32,23870,28,23835,22,23875,23,23830,40,23850,24025,23615,23650,,23883,100728,12028280725,77025,,24830,22015,76206,23425,23535,5.0,0,5.0,500,0,0,0
2024-05-14 09:05:29.500000,23855,56,23845,26,23860,52,23840,32,23865,41,23835,22,23870,28,23830,40,23875,23,23825,83,23850,24025,23615,23650,,23883,100733,12028876975,77026,,24830,22015,76206,23425,23535,5.0,0,5.0,500,0,0,0
2024-05-14 09:05:30.000000,23850,5,23845,24,23855,60,23840,32,23860,51,23835,22,23865,41,23830,40,23870,28,23825,85,23850,24025,23615,23650,,23883,100734,12028996225,77026,,24830,22015,76206,23425,23535,5.0,0,5.0,500,0,0,0
2024-05-14 09:05:30.500000,23850,9,23845,23,23855,62,23840,32,23860,52,23835,22,23865,41,23830,40,23870,28,23825,86,23845,24025,23615,23650,,23883,100736,12029234700,77025,,24830,22015,76206,23425,23535,5.0,0,5.0,500,0,0,0
2024-05-14 09:05:31.000000,23850,16,23845,23,23855,58,23840,32,23860,52,23835,22,23865,41,23830,40,23870,28,23825,86,23845,24025,23615,23650,,23883,100736,12029234700,77025,,24830,22015,76206,23425,23535,5.0,0,5.0,500,0,0,0
2024-05-14 09:05:31.500000,23850,32,23845,23,23855,58,23840,32,23860,52,23835,22,23865,41,23830,40,23870,28,23825,86,23850,24025,23615,23650,,23883,100737,12029353950,77025,,24830,22015,76206,23425,23535,5.0,0,5.0,500,0,0,0
2024-05-14 09:05:32.000000,23845,9,23840,32,23850,36,23835,22,23855,58,23830,40,23860,53,23825,86,23865,41,23820,40,23845,24025,23615,23650,,23883,100762,12032334575,77031,,24830,22015,76206,23425,23535,5.0,0,5.0,500,0,0,0
2024-05-14 09:05:32.500000,23845,33,23840,26,23850,25,23835,22,23855,57,23830,40,23860,53,23825,86,23865,41,23820,40,23845,24025,23615,23650,,23883,100762,12032334575,77031,,24830,22015,76206,23425,23535,5.0,0,5.0,500,0,0,0
2024-05-14 09:05:33.000000,23840,6,23835,22,23845,36,23830,40,23850,25,23825,86,23855,59,23820,40,23860,53,23815,73,23840,24025,23615,23650,,23883,100787,12035314575,77042,,24830,22015,76206,23425,23535,5.0,0,5.0,500,0,0,0
2024-05-14 09:05:33.500000,23840,22,23835,21,23845,25,23830,40,23850,29,23825,81,23855,60,23820,40,23860,53,23815,47,23840,24025,23615,23650,,23883,100787,12035314575,77042,,24830,22015,76206,23425,23535,5.0,0,5.0,500,0,0,0
2024-05-14 09:05:34.000000,23840,11,23835,18,23845,25,23830,40,23850,30,23825,81,23855,60,23820,40,23860,53,23815,47,23840,24025,23615,23650,,23883,100801,12036983375,77030,,24830,22015,76206,23425,23535,5.0,0,5.0,500,0,0,0
2024-05-14 09:05:34.500000,23840,20,23835,19,23845,25,23830,40,23850,29,23825,81,23855,60,23820,40,23860,53,23815,47,23840,24025,23615,23650,,23883,100802,12037102575,77031,,24830,22015,76206,23425,23535,5.0,0,5.0,500,0,0,0
2024-05-14 09:05:35.000000,23840,22,23835,14,23845,25,23830,40,23850,29,23825,81,23855,60,23820,40,23860,53,23815,46,23835,24025,23615,23650,,23883,100805,12037460100,77031,,24830,22015,76206,23425,23535,5.0,0,5.0,500,0,0,0
2024-05-14 09:05:35.500000,23835,21,23830,40,23840,22,23825,81,23845,25,23820,40,23850,29,23815,46,23855,60,23810,140,23835,24025,23615,23650,,23883,100821,12039366900,77038,,24830,22015,76206,23425,23535,5.0,0,5.0,500,0,0,0
2024-05-14 09:05:36.000000,23835,29,23830,36,23840,20,23825,79,23845,28,23820,40,23850,29,23815,46,23855,60,23810,128,23835,24025,23615,23650,,23883,100821,12039366900,77038,,24830,22015,76206,23425,23535,5.0,0,5.0,500,0,0,0
2024-05-14 09:05:36.500000,23835,43,23830,32,23840,20,23825,79,23845,28,23820,40,23850,28,23815,46,23855,60,23810,48,23835,24025,23615,23650,,23883,100825,12039843550,77035,,24830,22015,76206,23425,23535,5.0,0,5.0,500,0,0,0
2024-05-14 09:05:37.000000,23835,45,23830,26,23840,21,23825,79,23845,28,23820,40,23850,28,23815,46,23855,57,23810,48,23830,24025,23615,23650,,23883,100832,12040677600,77033,,24830,22015,76206,23425,23535,5.0,0,5.0,500,0,0,0
2024-05-14 09:05:37.500000,23835,46,23830,2,23840,21,23825,79,23845,28,23820,40,23850,28,23815,46,23855,57,23810,48,23835,24025,23615,23650,,23883,100866,12044728725,77037,,24830,22015,76206,23425,23535,5.0,0,5.0,500,0,0,0
2024-05-14 09:05:38.000000,23830,6,23825,79,23835,49,23820,40,23840,21,23815,46,23845,28,23810,48,23850,23,23805,34,23830,24025,23615,23650,,23883,100874,12045681925,77041,,24830,22015,76206,23425,23535,5.0,0,5.0,500,0,0,0
2024-05-14 09:05:38.500000,23835,36,23830,10,23840,22,23825,77,23845,28,23820,40,23850,22,23815,46,23855,57,23810,48,23830,24025,23615,23650,,23883,100916,12050686225,77052,,24830,22015,76206,23425,23535,5.0,0,5.0,500,0,0,0
2024-05-14 09:05:39.000000,23835,18,23830,7,23840,22,23825,82,23845,30,23820,40,23850,22,23815,46,23855,57,23810,48,23835,24025,23615,23650,,23883,100931,12052473850,77048,,24830,22015,76206,23425,23535,5.0,0,5.0,500,0,0,0
2024-05-14 09:05:39.500000,23835,8,23830,31,23840,24,23825,82,23845,22,23820,40,23850,22,23815,46,23855,42,23810,48,23830,24025,23615,23650,,23883,100933,12052712150,77046,,24830,22015,76206,23425,23535,5.0,0,5.0,500,0,0,0
2024-05-14 09:05:40.000000,23840,23,23835,9,23845,22,23830,33,23850,22,23825,81,23855,42,23820,40,23860,51,23815,46,23840,24025,23615,23650,,23883,100944,12054023100,77040,,24830,22015,76206,23425,23535,5.0,0,5.0,500,0,0,0
2024-05-14 09:05:40.500000,23835,10,23830,34,23840,19,23825,85,23845,22,23820,40,23850,22,23815,46,23855,42,23810,46,23835,24025,23615,23650,,23883,100955,12055334025,77043,,24830,22015,76206,23425,23535,5.0,0,5.0,500,0,0,0
2024-05-14 09:05:41.000000,23835,14,23830,30,23840,23,23825,83,23845,22,23820,40,23850,22,23815,45,23855,42,23810,48,23830,24025,23615,23650,,23883,100957,12055572325,77043,,24830,22015,76206,23425,23535,5.0,0,5.0,500,0,0,0
2024-05-14 09:05:41.500000,23835,22,23830,29,23840,23,23825,83,23845,23,23820,40,23850,22,23815,45,23855,42,23810,48,23830,24025,23615,23650,,23883,100957,12055572325,77043,,24830,22015,76206,23425,23535,5.0,0,5.0,500,0,0,0
2024-05-14 09:05:42.000000,23835,20,23830,26,23840,22,23825,83,23845,23,23820,40,23850,22,23815,45,23855,42,23810,48,23830,24025,23615,23650,,23883,100957,12055572325,77043,,24830,22015,76206,23425,23535,5.0,0,5.0,500,0,0,0
2024-05-14 09:05:42.500000,23830,71,23825,82,23835,16,23820,40,23840,22,23815,45,23845,23,23810,48,23850,22,23805,29,23830,24025,23615,23650,,23883,100986,12059027675,77024,,24830,22015,76206,23425,23535,5.0,0,5.0,500,0,0,0
2024-05-14 09:05:43.000000,23830,75,23825,74,23835,40,23820,40,23840,24,23815,45,23845,23,23810,48,23850,22,23805,29,23830,24025,23615,23650,,23883,100987,12059146825,77024,,24830,22015,76206,23425,23535,5.0,0,5.0,500,0,0,0
2024-05-14 09:05:43.500000,23830,72,23825,67,23835,41,23820,40,23840,24,23815,45,23845,23,23810,48,23850,22,23805,29,23830,24025,23615,23650,,23883,101004,12061172050,77017,,24830,22015,76206,23425,23535,5.0,0,5.0,500,0,0,0
2024-05-14 09:05:44.000000,23830,70,23825,68,23835,41,23820,40,23840,24,23815,45,23845,23,23810,48,23850,22,23805,29,23830,24025,23615,23650,,23883,101006,12061410350,77017,,24830,22015,76206,23425,23535,5.0,0,5.0,500,0,0,0
2024-05-14 09:05:44.500000,23830,53,23825,72,23835,40,23820,40,23840,24,23815,45,23845,23,23810,48,23850,22,23805,29,23825,24025,23615,23650,,23883,101023,12063435875,77009,,24830,22015,76206,23425,23535,5.0,0,5.0,500,0,0,0
2024-05-14 09:05:45.000000,23835,40,23830,55,23840,24,23825,79,23845,23,23820,40,23850,22,23815,45,23855,43,23810,48,23830,24025,23615,23650,,23883,101080,12070227425,76994,,24830,22015,76206,23425,23535,5.0,0,5.0,500,0,0,0
2024-05-14 09:05:45.500000,23835,24,23830,30,23840,24,23825,82,23845,23,23820,40,23850,22,23815,45,23855,42,23810,48,23830,24025,23615,23650,,23883,101120,12074993625,77004,,24830,22015,76206,23425,23535,5.0,0,5.0,500,0,0,0
2024-05-14 09:05:46.000000,23835,27,23830,1,23840,23,23825,82,23845,23,23820,40,23850,22,23815,45,23855,42,23810,48,23830,24025,23615,23650,,23882,101147,12078210675,76990,,24830,22015,76206,23425,23535,5.0,0,5.0,500,0,0,0
2024-05-14 09:05:46.500000,23830,44,23825,76,23835,29,23820,40,23840,23,23815,45,23845,23,23810,48,23850,22,23805,29,23830,24025,23615,23650,,23882,101157,12079402175,76987,,24830,22015,76206,23425,23535,5.0,0,5.0,500,0,0,0
2024-05-14 09:05:47.000000,23830,41,23825,74,23835,30,23820,40,23840,23,23815,45,23845,23,23810,48,23850,22,23805,29,23830,24025,23615,23650,,23882,101162,12079997925,76987,,24830,22015,76206,23425,23535,5.0,0,5.0,500,0,0,0
2024-05-14 09:05:47.500000,23830,18,23825,77,23835,30,23820,40,23840,23,23815,45,23845,24,23810,48,23850,22,23805,29,23830,24025,23615,23650,,23882,101176,12081666025,76990,,24830,22015,76206,23425,23535,5.0,0,5.0,500,0,0,0
2024-05-14 09:05:48.000000,23835,30,23830,28,23840,23,23825,76,23845,24,23820,40,23850,22,23815,45,23855,43,23810,48,23830,24025,23615,23650,,23882,101196,12084049025,76989,,24830,22015,76206,23425,23535,5.0,0,5.0,500,0,0,0
2024-05-14 09:05:48.500000,23835,26,23830,21,23840,23,23825,77,23845,24,23820,40,23850,22,23815,45,23855,43,23810,48,23830,24025,23615,23650,,23882,101196,12084049025,76989,,24830,22015,76206,23425,23535,5.0,0,5.0,500,0,0,0
2024-05-14 09:05:49.000000,23835,26,23830,19,23840,23,23825,77,23845,23,23820,40,23850,22,23815,45,23855,43,23810,48,23830,24025,23615,23650,,23882,101197,12084168175,76989,,24830,22015,76206,23425,23535,5.0,0,5.0,500,0,0,0
2024-05-14 09:05:49.500000,23835,26,23830,23,23840,23,23825,77,23845,24,23820,40,23850,23,23815,45,23855,43,23810,48,23830,24025,23615,23650,,23882,101197,12084168175,76989,,24830,22015,76206,23425,23535,5.0,0,5.0,500,0,0,0
2024-05-14 09:05:50.000000,23835,26,23830,22,23840,23,23825,77,23845,24,23820,44,23850,24,23815,45,23855,43,23810,48,23830,24025,23615,23650,,23882,101198,12084287325,76988,,24830,22015,76206,23425,23535,5.0,0,5.0,500,0,0,0
2024-05-14 09:05:50.500000,23835,25,23830,23,23840,23,23825,77,23845,24,23820,44,23850,24,23815,45,23855,43,23810,48,23835,24025,23615,23650,,23882,101199,12084406500,76988,,24830,22015,76206,23425,23535,5.0,0,5.0,500,0,0,0
2024-05-14 09:05:51.000000,23835,22,23830,25,23840,23,23825,77,23845,24,23820,44,23850,28,23815,45,23855,44,23810,48,23835,24025,23615,23650,,23882,101202,12084764025,76988,,24830,22015,76206,23425,23535,5.0,0,5.0,500,0,0,0
2024-05-14 09:05:51.500000,23840,23,23835,10,23845,24,23830,29,23850,28,23825,77,23855,44,23820,45,23860,50,23815,45,23835,24025,23615,23650,,23882,101224,12087385875,77006,,24830,22015,76206,23425,23535,5.0,0,5.0,500,0,0,0
2024-05-14 09:05:52.000000,23840,20,23835,10,23845,24,23830,26,23850,28,23825,81,23855,45,23820,45,23860,50,23815,45,23835,24025,23615,23650,,23882,101227,12087743400,77003,,24830,22015,76206,23425,23535,5.0,0,5.0,500,0,0,0
2024-05-14 09:05:52.500000,23840,22,23835,10,23845,24,23830,27,23850,28,23825,81,23855,45,23820,45,23860,49,23815,45,23835,24025,23615,23650,,23882,101227,12087743400,77003,,24830,22015,76206,23425,23535,5.0,0,5.0,500,0,0,0
2024-05-14 09:05:53.000000,23840,22,23835,10,23845,24,23830,31,23850,28,23825,81,23855,45,23820,45,23860,49,23815,45,23835,24025,23615,23650,,23882,101227,12087743400,77003,,24830,22015,76206,23425,23535,5.0,0,5.0,500,0,0,0
2024-05-14 09:05:53.500000,23840,29,23835,10,23845,24,23830,31,23850,28,23825,79,23855,45,23820,45,23860,49,23815,45,23835,24025,23615,23650,,23882,101227,12087743400,77003,,24830,22015,76206,23425,23535,5.0,0,5.0,500,0,0,0
2024-05-14 09:05:54.000000,23840,30,23835,7,23845,24,23830,31,23850,28,23825,79,23855,45,23820,45,23860,49,23815,45,23835,24025,23615,23650,,23882,101227,12087743400,77003,,24830,22015,76206,23425,23535,5.0,0,5.0,500,0,0,0
2024-05-14 09:05:54.500000,23840,21,23835,6,23845,24,23830,32,23850,28,23825,79,23855,45,23820,45,23860,49,23815,45,23835,24025,23615,23650,,23882,101228,12087862575,77003,,24830,22015,76206,23425,23535,5.0,0,5.0,500,0,0,0
2024-05-14 09:05:55.000000,23840,21,23835,4,23845,24,23830,32,23850,28,23825,79,23855,45,23820,45,23860,49,23815,45,23835,24025,23615,23650,,23882,101233,12088458450,76999,,24830,22015,76206,23425,23535,5.0,0,5.0,500,0,0,0
2024-05-14 09:05:55.500000,23840,23,23835,3,23845,24,23830,32,23850,30,23825,79,23855,45,23820,45,23860,49,23815,45,23835,24025,23615,23650,,23882,101240,12089292675,76993,,24830,22015,76206,23425,23535,5.0,0,5.0,500,0,0,0
2024-05-14 09:05:56.000000,23840,23,23835,12,23845,24,23830,33,23850,30,23825,78,23855,45,23820,45,23860,49,23815,45,23835,24025,23615,23650,,23882,101246,12090007725,76987,,24830,22015,76206,23425,23535,5.0,0,5.0,500,0,0,0
2024-05-14 09:05:56.500000,23840,21,23835,15,23845,24,23830,31,23850,30,23825,78,23855,45,23820,45,23860,49,23815,45,23835,24025,23615,23650,,23882,101246,12090007725,76987,,24830,22015,76206,23425,23535,5.0,0,5.0,500,0,0,0
2024-05-14 09:05:57.000000,23840,21,23835,17,23845,24,23830,31,23850,31,23825,78,23855,45,23820,45,23860,49,23815,45,23835,24025,23615,23650,,23882,101246,12090007725,76987,,24830,22015,76206,23425,23535,5.0,0,5.0,500,0,0,0
2024-05-14 09:05:58.000000,23840,21,23835,17,23845,24,23830,31,23850,31,23825,78,23855,45,23820,46,23860,49,23815,45,23835,24025,23615,23650,,23882,101246,12090007725,76987,,24830,22015,76206,23425,23535,5.0,0,5.0,500,0,0,0
2024-05-14 09:05:58.500000,23840,21,23835,16,23845,24,23830,31,23850,31,23825,78,23855,45,23820,46,23860,49,23815,45,23835,24025,23615,23650,,23882,101247,12090126900,76987,,24830,22015,76206,23425,23535,5.0,0,5.0,500,0,0,0
2024-05-14 09:05:59.000000,23835,24,23830,31,23840,21,23825,78,23845,24,23820,46,23850,31,23815,45,23855,45,23810,46,23835,24025,23615,23650,,23882,101264,12092152875,76978,,24830,22015,76206,23425,23535,5.0,0,5.0,500,0,0,0
2024-05-14 09:05:59.500000,23835,25,23830,26,23840,25,23825,75,23845,24,23820,46,23850,31,23815,45,23855,45,23810,48,23835,24025,23615,23650,,23882,101264,12092152875,76978,,24830,22015,76206,23425,23535,5.0,0,5.0,500,0,0,0
2024-05-14 09:06:00.000000,23835,26,23830,32,23840,25,23825,75,23845,24,23820,46,23850,31,23815,45,23855,45,23810,48,23835,24025,23615,23650,,23882,101265,12092272050,76977,,24830,22015,76206,23425,23535,5.0,0,5.0,500,0,0,0
2024-05-14 09:06:00.500000,23835,26,23830,31,23840,25,23825,75,23845,25,23820,47,23850,31,23815,45,23855,45,23810,48,23830,24025,23615,23650,,23882,101267,12092510350,76976,,24830,22015,76206,23425,23535,5.0,0,5.0,500,0,0,0
2024-05-14 09:06:01.000000,23835,27,23830,32,23840,25,23825,76,23845,25,23820,47,23850,31,23815,45,23855,45,23810,48,23830,24025,23615,23650,,23882,101267,12092510350,76976,,24830,22015,76206,23425,23535,5.0,0,5.0,500,0,0,0
2024-05-14 09:06:02.000000,23835,29,23830,33,23840,25,23825,76,23845,25,23820,47,23850,31,23815,45,23855,45,23810,48,23830,24025,23615,23650,,23882,101267,12092510350,76976,,24830,22015,76206,23425,23535,5.0,0,5.0,500,0,0,0
2024-05-14 09:06:02.500000,23835,37,23830,33,23840,25,23825,76,23845,25,23820,47,23850,31,23815,45,23855,45,23810,48,23830,24025,23615,23650,,23882,101267,12092510350,76976,,24830,22015,76206,23425,23535,5.0,0,5.0,500,0,0,0
2024-05-14 09:06:03.000000,23830,38,23825,74,23835,46,23820,47,23840,25,23815,45,23845,25,23810,48,23850,31,23805,29,23830,24025,23615,23650,,23882,101300,12096442300,76965,,24830,22015,76206,23425,23535,5.0,0,5.0,500,0,0,0
2024-05-14 09:06:03.500000,23830,47,23825,1,23835,48,23820,47,23840,25,23815,45,23845,24,23810,48,23850,31,23805,29,23830,24025,23615,23650,,23882,101372,12105019425,77009,,24830,22015,76206,23425,23535,5.0,0,5.0,500,0,0,0
2024-05-14 09:06:04.000000,23825,47,23820,47,23830,61,23815,32,23835,50,23810,48,23840,26,23805,29,23845,22,23800,101,23825,24025,23615,23650,,23882,101383,12106329800,77013,,24830,22015,76206,23425,23535,5.0,0,5.0,500,0,0,0
2024-05-14 09:06:04.500000,23825,41,23820,35,23830,61,23815,32,23835,54,23810,43,23840,25,23805,28,23845,22,23800,85,23825,24025,23615,23650,,23882,101386,12106687150,77015,,24830,22015,76206,23425,23535,5.0,0,5.0,500,0,0,0
2024-05-14 09:06:05.000000,23820,6,23815,31,23825,32,23810,44,23830,61,23805,28,23835,56,23800,85,23840,26,23795,56,23820,24025,23615,23650,,23882,101428,12111689500,77026,,24830,22015,76206,23425,23535,5.0,0,5.0,500,0,0,0
2024-05-14 09:06:05.500000,23825,33,23820,12,23830,61,23815,36,23835,56,23810,44,23840,28,23805,28,23845,22,23800,85,23820,24025,23615,23650,,23882,101449,12114190700,77035,,24830,22015,76206,23425,23535,5.0,0,5.0,500,0,0,0
2024-05-14 09:06:06.000000,23825,28,23820,15,23830,48,23815,35,23835,55,23810,43,23840,28,23805,28,23845,22,23800,85,23820,24025,23615,23650,,23882,101455,12114905350,77034,,24830,22015,76206,23425,23535,5.0,0,5.0,500,0,0,0
2024-05-14 09:06:06.500000,23825,22,23820,17,23830,48,23815,35,23835,57,23810,43,23840,28,23805,28,23845,22,23800,85,23820,24025,23615,23650,,23882,101455,12114905350,77034,,24830,22015,76206,23425,23535,5.0,0,5.0,500,0,0,0
2024-05-14 09:06:07.000000,23825,22,23820,16,23830,48,23815,35,23835,56,23810,43,23840,28,23805,28,23845,22,23800,85,23820,24025,23615,23650,,23882,101455,12114905350,77034,,24830,22015,76206,23425,23535,5.0,0,5.0,500,0,0,0
2024-05-14 09:06:07.500000,23825,24,23820,22,23830,49,23815,35,23835,56,23810,43,23840,28,23805,28,23845,22,23800,85,23825,24025,23615,23650,,23882,101457,12115143600,77035,,24830,22015,76206,23425,23535,5.0,0,5.0,500,0,0,0
2024-05-14 09:06:08.000000,23825,13,23820,19,23830,49,23815,35,23835,56,23810,43,23840,26,23805,28,23845,22,23800,85,23825,24025,23615,23650,,23882,101469,12116573075,77029,,24830,22015,76206,23425,23535,5.0,0,5.0,500,0,0,0
2024-05-14 09:06:08.500000,23825,22,23820,15,23830,49,23815,35,23835,56,23810,43,23840,25,23805,28,23845,22,23800,85,23825,24025,23615,23650,,23882,101470,12116692200,77028,,24830,22015,76206,23425,23535,5.0,0,5.0,500,0,0,0
2024-05-14 09:06:09.000000,23820,4,23815,24,23825,22,23810,43,23830,49,23805,28,23835,56,23800,84,23840,25,23795,39,23815,24025,23615,23650,,23882,101497,12119907625,77028,,24830,22015,76206,23425,23535,5.0,0,5.0,500,0,0,0
2024-05-14 09:06:09.500000,23820,19,23815,20,23825,24,23810,42,23830,51,23805,28,23835,56,23800,84,23840,25,23795,41,23815,24025,23615,23650,,23882,101502,12120503075,77028,,24830,22015,76206,23425,23535,5.0,0,5.0,500,0,0,0
2024-05-14 09:06:10.000000,23820,24,23815,15,23825,23,23810,42,23830,50,23805,28,23835,56,23800,85,23840,25,23795,41,23815,24025,23615,23650,,23882,101503,12120622150,77028,,24830,22015,76206,23425,23535,5.0,0,5.0,500,0,0,0
2024-05-14 09:06:10.500000,23815,8,23810,11,23820,27,23805,28,23825,27,23800,85,23830,50,23795,41,23835,56,23790,44,23815,24025,23615,23650,,23882,101556,12126932275,77012,,24830,22015,76206,23425,23535,5.0,0,5.0,500,0,0,0
2024-05-14 09:06:11.000000,23815,18,23810,6,23820,25,23805,28,23825,27,23800,85,23830,50,23795,41,23835,54,23790,46,23810,24025,23615,23650,,23882,101570,12128599000,77000,,24830,22015,76206,23425,23535,5.0,0,5.0,500,0,0,0
2024-05-14 09:06:11.500000,23815,15,23810,5,23820,25,23805,28,23825,28,23800,85,23830,50,23795,41,23835,54,23790,46,23815,24025,23615,23650,,23882,101588,12130742050,76992,,24830,22015,76206,23425,23535,5.0,0,5.0,500,0,0,0
2024-05-14 09:06:12.000000,23815,15,23810,31,23820,26,23805,28,23825,29,23800,85,23830,50,23795,41,23835,54,23790,46,23815,24025,23615,23650,,23882,101589,12130861125,76992,,24830,22015,76206,23425,23535,5.0,0,5.0,500,0,0,0
2024-05-14 09:06:12.500000,23820,26,23810,41,23825,29,23805,28,23830,50,23800,85,23835,54,23795,41,23840,26,23790,46,23810,24025,23615,23650,,23882,101650,12138124675,77010,,24830,22015,76206,23425,23535,5.0,0,5.0,500,0,0,0
2024-05-14 09:06:13.000000,23815,12,23810,42,23820,24,23805,28,23825,29,23800,85,23830,40,23795,41,23835,54,23790,46,23810,24025,23615,23650,,23882,101658,12139077250,77009,,24830,22015,76206,23425,23535,5.0,0,5.0,500,0,0,0
2024-05-14 09:06:13.500000,23815,14,23810,35,23820,24,23805,29,23825,30,23800,85,23830,40,23795,41,23835,54,23790,46,23810,24025,23615,23650,,23882,101664,12139791575,77008,,24830,22015,76206,23425,23535,5.0,0,5.0,500,0,0,0
2024-05-14 09:06:14.000000,23810,2,23805,29,23815,36,23800,85,23820,24,23795,41,23825,29,23790,46,23830,37,23785,40,23810,24025,23615,23650,,23882,101692,12143124975,77015,,24830,22015,76206,23425,23535,5.0,0,5.0,500,0,0,0
2024-05-14 09:06:14.500000,23810,36,23805,18,23815,46,23800,83,23820,26,23795,36,23825,29,23790,46,23830,39,23785,20,23810,24025,23615,23650,,23882,101708,12145029550,77007,,24830,22015,76206,23425,23535,5.0,0,5.0,500,0,0,0
2024-05-14 09:06:15.000000,23805,47,23800,82,23810,31,23795,36,23815,46,23790,43,23820,25,23785,20,23825,29,23780,51,23805,24025,23615,23650,,23882,101727,12147291025,77002,,24830,22015,76206,23425,23535,5.0,0,5.0,500,0,0,0
2024-05-14 09:06:15.500000,23805,50,23800,77,23810,35,23795,37,23815,50,23790,43,23820,23,23785,20,23825,27,23780,40,23805,24025,23615,23650,,23882,101740,12148838225,77005,,24830,22015,76206,23425,23535,5.0,0,5.0,500,0,0,0
2024-05-14 09:06:16.000000,23805,55,23800,72,23810,41,23795,37,23815,52,23790,43,23820,23,23785,21,23825,26,23780,41,23805,24025,23615,23650,,23882,101742,12149076250,77006,,24830,22015,76206,23425,23535,5.0,0,5.0,500,0,0,0
2024-05-14 09:06:16.500000,23805,54,23800,47,23810,43,23795,36,23815,51,23790,43,23820,24,23785,21,23825,26,23780,36,23800,24025,23615,23650,,23882,101768,12152170275,76994,,24830,22015,76206,23425,23535,5.0,0,5.0,500,0,0,0
2024-05-14 09:06:17.000000,23800,57,23795,23,23805,57,23790,43,23810,43,23785,22,23815,51,23780,36,23820,24,23775,35,23800,24025,23615,23650,,23882,101831,12159666950,76994,,24830,22015,76206,23425,23535,5.0,0,5.0,500,0,0,0
2024-05-14 09:06:17.500000,23795,43,23790,40,23800,74,23785,22,23805,50,23780,36,23810,44,23775,32,23815,51,23770,42,23795,24025,23615,23650,,23882,101859,12162998225,77008,,24830,22015,76206,23425,23535,5.0,0,5.0,500,0,0,0
2024-05-14 09:06:18.000000,23785,15,23780,10,23790,204,23775,26,23795,81,23770,17,23800,65,23765,35,23805,54,23760,35,23780,24025,23615,23650,,23882,101940,12172631875,77024,,24830,22015,76206,23425,23535,5.0,0,5.0,500,0,0,0
2024-05-14 09:06:18.500000,23770,12,23760,20,23775,15,23755,94,23780,179,23750,26,23785,71,23745,36,23790,108,23740,34,23760,24025,23615,23650,,23882,102033,12183686075,77027,,24830,22015,76206,23425,23535,5.0,0,5.0,500,0,0,0
2024-05-14 09:06:19.000000,23760,305,23755,8,23765,3,23750,13,23770,26,23730,42,23775,29,23725,5,23780,72,23720,53,23760,24025,23615,23650,,23881,102521,12241641200,76896,,24830,22015,76206,23425,23535,5.0,0,5.0,500,0,0,0
2024-05-14 09:06:19.500000,23750,2,23745,24,23755,116,23730,52,23760,314,23725,9,23765,8,23720,76,23770,47,23715,22,23750,24025,23615,23650,,23881,102615,12252804900,76854,,24830,22015,76206,23425,23535,5.0,0,5.0,500,0,0,0
2024-05-14 09:06:20.000000,23740,2,23735,3,23745,18,23730,12,23750,26,23725,2,23755,58,23720,60,23760,313,23715,10,23740,24025,23615,23650,,23881,102769,12271089275,76866,,24830,22015,76206,23425,23535,5.0,0,5.0,500,0,0,0
2024-05-14 09:06:20.500000,23750,25,23745,12,23755,33,23740,33,23760,316,23735,15,23765,6,23730,17,23770,49,23725,7,23745,24025,23615,23650,,23881,102876,12283790850,76834,,24830,22015,76206,23425,23535,5.0,0,5.0,500,0,0,0
2024-05-14 09:06:21.000000,23745,4,23730,17,23750,19,23725,9,23755,46,23720,37,23760,320,23715,10,23765,9,23710,70,23745,24025,23615,23650,,23881,103063,12305993475,76843,,24830,22015,76206,23425,23535,5.0,0,5.0,500,0,0,0
2024-05-14 09:06:21.500000,23750,3,23745,4,23755,47,23740,3,23760,318,23735,61,23765,8,23730,32,23770,21,23725,12,23745,24025,23615,23650,,23880,103148,12316085875,76794,,24830,22015,76206,23425,23535,5.0,0,5.0,500,0,0,0
2024-05-14 09:06:22.000000,23745,24,23735,62,23750,27,23730,36,23755,47,23725,14,23760,320,23720,37,23765,10,23715,10,23740,24025,23615,23650,,23880,103205,12322852900,76808,,24830,22015,76206,23425,23535,5.0,0,5.0,500,0,0,0
2024-05-14 09:06:22.500000,23740,9,23735,58,23745,31,23730,35,23750,41,23725,14,23755,46,23720,40,23760,318,23715,11,23740,24025,23615,23650,,23880,103225,12325226900,76795,,24830,22015,76206,23425,23535,5.0,0,5.0,500,0,0,0
2024-05-14 09:06:23.000000,23745,31,23740,44,23750,43,23735,8,23755,47,23730,35,23760,320,23725,16,23765,10,23720,40,23740,24025,23615,23650,,23880,103374,12342911650,76859,,24830,22015,76206,23425,23535,5.0,0,5.0,500,0,0,0
2024-05-14 09:06:23.500000,23740,58,23735,6,23745,33,23730,36,23750,42,23725,18,23755,47,23720,40,23760,322,23715,12,23740,24025,23615,23650,,23880,103457,12352763725,76832,,24830,22015,76206,23425,23535,5.0,0,5.0,500,0,0,0
2024-05-14 09:06:24.000000,23740,49,23730,33,23745,34,23725,16,23750,44,23720,44,23755,47,23715,13,23760,320,23710,31,23740,24025,23615,23650,,23880,103489,12356561550,76818,,24830,22015,76206,23425,23535,5.0,0,5.0,500,0,0,0
2024-05-14 09:06:24.500000,23740,38,23735,16,23745,34,23730,40,23750,44,23725,14,23755,44,23720,37,23760,320,23715,13,23735,24025,23615,23650,,23880,103525,12360834350,76804,,24830,22015,76206,23425,23535,5.0,0,5.0,500,0,0,0
2024-05-14 09:06:25.000000,23745,35,23740,37,23750,46,23735,40,23755,44,23730,40,23760,322,23725,15,23765,10,23720,37,23740,24025,23615,23650,,23880,103564,12365463650,76826,,24830,22015,76206,23425,23535,5.0,0,5.0,500,0,0,0
2024-05-14 09:06:25.500000,23750,47,23740,26,23755,43,23735,31,23760,322,23730,44,23765,12,23725,15,23770,20,23720,39,23740,24025,23615,23650,,23880,103628,12373061275,76832,,24830,22015,76206,23425,23535,5.0,0,5.0,500,0,0,0
2024-05-14 09:06:26.000000,23745,9,23740,37,23750,29,23735,30,23755,43,23730,43,23760,322,23725,17,23765,12,23720,39,23740,24025,23615,23650,,23880,103665,12377453800,76830,,24830,22015,76206,23425,23535,5.0,0,5.0,500,0,0,0
2024-05-14 09:06:26.500000,23750,2,23745,35,23755,13,23740,41,23760,322,23735,30,23765,43,23730,44,23770,23,23725,17,23745,24025,23615,23650,,23880,103716,12383509525,76794,,24830,22015,76206,23425,23535,5.0,0,5.0,500,0,0,0
2024-05-14 09:06:27.000000,23755,5,23750,38,23760,319,23745,46,23765,44,23740,40,23770,23,23735,30,23775,41,23730,44,23755,24025,23615,23650,,23880,103730,12385172300,76792,,24830,22015,76206,23425,23535,5.0,0,5.0,500,0,0,0
2024-05-14 09:06:27.500000,23760,311,23755,20,23765,44,23750,59,23770,23,23745,45,23775,38,23740,45,23780,34,23735,31,23755,24025,23615,23650,,23880,103742,12386597675,76785,,24830,22015,76206,23425,23535,5.0,0,5.0,500,0,0,0
2024-05-14 09:06:28.000000,23760,97,23755,20,23765,14,23750,60,23770,23,23745,36,23775,70,23740,45,23780,26,23735,31,23755,24025,23615,23650,,23879,103971,12413802450,76699,,24830,22015,76206,23425,23535,5.0,0,5.0,500,0,0,0
2024-05-14 09:06:28.500000,23765,17,23760,18,23770,23,23755,23,23775,72,23750,49,23780,25,23745,38,23785,61,23740,47,23760,24025,23615,23650,,23879,104073,12425920100,76643,,24830,22015,76206,23425,23535,5.0,0,5.0,500,0,0,0
2024-05-14 09:06:29.000000,23765,24,23760,9,23770,20,23755,23,23775,65,23750,40,23780,27,23745,40,23785,41,23740,47,23760,24025,23615,23650,,23879,104117,12431147325,76643,,24830,22015,76206,23425,23535,5.0,0,5.0,500,0,0,0
2024-05-14 09:06:29.500000,23760,67,23755,16,23765,30,23750,37,23770,20,23745,38,23775,65,23740,47,23780,25,23735,32,23760,24025,23615,23650,,23879,104144,12434354750,76650,,24830,22015,76206,23425,23535,5.0,0,5.0,500,0,0,0
2024-05-14 09:06:30.000000,23755,42,23750,32,23760,82,23745,38,23765,29,23740,49,23770,20,23735,32,23775,64,23730,54,23755,24025,23615,23650,,23879,104181,12438749350,76657,,24830,22015,76206,23425,23535,5.0,0,5.0,500,0,0,0
2024-05-14 09:06:30.500000,23750,40,23745,23,23755,38,23740,49,23760,64,23735,32,23765,30,23730,49,23770,20,23725,34,23750,24025,23615,23650,,23879,104242,12445992775,76660,,24830,22015,76206,23425,23535,5.0,0,5.0,500,0,0,0
2024-05-14 09:06:31.000000,23745,13,23740,43,23750,53,23735,30,23755,26,23730,49,23760,85,23725,23,23765,31,23720,57,23745,24025,23615,23650,,23879,104281,12450623050,76656,,24830,22015,76206,23425,23535,5.0,0,5.0,500,0,0,0
2024-05-14 09:06:31.500000,23745,29,23740,34,23750,31,23735,30,23755,28,23730,38,23760,85,23725,23,23765,32,23720,41,23740,24025,23615,23650,,23879,104301,12452997100,76657,,24830,22015,76206,23425,23535,5.0,0,5.0,500,0,0,0
2024-05-14 09:06:32.000000,23745,30,23740,6,23750,30,23735,30,23755,28,23730,38,23760,89,23725,23,23765,32,23720,41,23740,24025,23615,23650,,23879,104379,12462255825,76652,,24830,22015,76206,23425,23535,5.0,0,5.0,500,0,0,0
2024-05-14 09:06:32.500000,23740,31,23735,30,23745,29,23730,38,23750,31,23725,23,23755,28,23720,41,23760,89,23715,65,23740,24025,23615,23650,,23879,104392,12463798925,76645,,24830,22015,76206,23425,23535,5.0,0,5.0,500,0,0,0
2024-05-14 09:06:33.000000,23740,6,23735,23,23745,24,23730,37,23750,33,23725,21,23755,28,23720,46,23760,89,23715,66,23740,24025,23615,23650,,23879,104429,12468190825,76623,,24830,22015,76206,23425,23535,5.0,0,5.0,500,0,0,0
2024-05-14 09:06:33.500000,23745,24,23740,13,23750,32,23735,26,23755,27,23730,38,23760,89,23725,21,23765,31,23720,46,23740,24025,23615,23650,,23879,104437,12469140425,76615,,24830,22015,76206,23425,23535,5.0,0,5.0,500,0,0,0
2024-05-14 09:06:34.000000,23745,18,23740,5,23750,32,23735,31,23755,47,23730,38,23760,89,23725,24,23765,31,23720,47,23745,24025,23615,23650,,23879,104451,12470802325,76615,,24830,22015,76206,23425,23535,5.0,0,5.0,500,0,0,0
2024-05-14 09:06:34.500000,23740,10,23735,22,23745,19,23730,38,23750,32,23725,24,23755,47,23720,48,23760,71,23715,24,23735,24025,23615,23650,,23879,104475,12473650900,76600,,24830,22015,76206,23425,23535,5.0,0,5.0,500,0,0,0
2024-05-14 09:06:35.000000,23740,15,23735,32,23745,21,23730,38,23750,32,23725,22,23755,47,23720,48,23760,71,23715,24,23740,24025,23615,23650,,23879,104476,12473769600,76600,,24830,22015,76206,23425,23535,5.0,0,5.0,500,0,0,0
2024-05-14 09:06:35.500000,23740,2,23735,39,23745,21,23730,38,23750,32,23725,22,23755,47,23720,48,23760,71,23715,24,23740,24025,23615,23650,,23879,104485,12474837900,76602,,24830,22015,76206,23425,23535,5.0,0,5.0,500,0,0,0
2024-05-14 09:06:36.000000,23745,20,23740,28,23750,32,23735,39,23755,47,23730,38,23760,70,23725,22,23765,31,23720,48,23740,24025,23615,23650,,23879,104527,12479823325,76574,,24830,22015,76206,23425,23535,5.0,0,5.0,500,0,0,0
2024-05-14 09:06:36.500000,23745,32,23740,12,23750,32,23735,38,23755,47,23730,40,23760,40,23725,22,23765,31,23720,48,23740,24025,23615,23650,,23879,104559,12483622350,76580,,24830,22015,76206,23425,23535,5.0,0,5.0,500,0,0,0
2024-05-14 09:06:37.000000,23740,7,23735,10,23745,9,23730,42,23750,32,23725,24,23755,77,23720,48,23760,40,23715,24,23735,24025,23615,23650,,23879,104603,12488844425,76594,,24830,22015,76206,23425,23535,5.0,0,5.0,500,0,0,0
2024-05-14 09:06:37.500000,23745,19,23735,11,23750,32,23730,42,23755,78,23725,24,23760,40,23720,48,23765,30,23715,24,23740,24025,23615,23650,,23879,104614,12490150075,76591,,24830,22015,76206,23425,23535,5.0,0,5.0,500,0,0,0
2024-05-14 09:06:38.000000,23740,17,23735,6,23745,18,23730,48,23750,32,23725,24,23755,77,23720,48,23760,40,23715,24,23740,24025,23615,23650,,23879,104624,12491337000,76592,,24830,22015,76206,23425,23535,5.0,0,5.0,500,0,0,0
2024-05-14 09:06:38.500000,23735,1,23730,45,23740,26,23725,24,23745,18,23720,48,23750,31,23715,25,23755,77,23710,27,23735,24025,23615,23650,,23879,104630,12492049050,76588,,24830,22015,76206,23425,23535,5.0,0,5.0,500,0,0,0
2024-05-14 09:06:39.000000,23735,6,23730,42,23740,31,23725,23,23745,21,23720,48,23750,32,23715,25,23755,79,23710,30,23735,24025,23615,23650,,23879,104644,12493710450,76592,,24830,22015,76206,23425,23535,5.0,0,5.0,500,0,0,0
2024-05-14 09:06:39.500000,23735,29,23730,40,23740,34,23725,23,23745,21,23720,48,23750,32,23715,25,23755,79,23710,30,23735,24025,23615,23650,,23878,104648,12494185125,76594,,24830,22015,76206,23425,23535,5.0,0,5.0,500,0,0,0
2024-05-14 09:06:40.000000,23735,28,23730,19,23740,32,23725,23,23745,21,23720,48,23750,32,23715,25,23755,79,23710,30,23735,24025,23615,23650,,23878,104687,12498812550,76587,,24830,22015,76206,23425,23535,5.0,0,5.0,500,0,0,0
2024-05-14 09:06:40.500000,23735,32,23730,29,23740,37,23725,23,23745,21,23720,48,23750,32,23715,23,23755,79,23710,30,23735,24025,23615,23650,,23878,104691,12499287175,76588,,24830,22015,76206,23425,23535,5.0,0,5.0,500,0,0,0
2024-05-14 09:06:41.000000,23725,2,23720,33,23730,22,23715,23,23735,11,23710,30,23740,37,23705,52,23745,21,23700,52,23725,24025,23615,23650,,23878,104778,12509608675,76535,,24830,22015,76206,23425,23535,5.0,0,5.0,500,0,0,0
2024-05-14 09:06:41.500000,23730,1,23725,82,23735,19,23720,48,23740,38,23715,18,23745,22,23710,30,23750,24,23705,26,23730,24025,23615,23650,,23878,104822,12514828750,76539,,24830,22015,76206,23425,23535,5.0,0,5.0,500,0,0,0
2024-05-14 09:06:42.000000,23735,18,23730,67,23740,36,23725,83,23745,22,23720,39,23750,24,23715,18,23755,84,23710,30,23730,24025,23615,23650,,23878,104845,12517557750,76526,,24830,22015,76206,23425,23535,5.0,0,5.0,500,0,0,0
2024-05-14 09:06:42.500000,23740,36,23735,33,23745,22,23730,78,23750,24,23725,67,23755,84,23720,41,23760,46,23715,17,23735,24025,23615,23650,,23878,104869,12520405950,76522,,24830,22015,76206,23425,23535,5.0,0,5.0,500,0,0,0
2024-05-14 09:06:43.000000,23740,14,23735,25,23745,21,23730,76,23750,24,23725,43,23755,84,23720,41,23760,41,23715,18,23735,24025,23615,23650,,23878,104905,12524678650,76521,,24830,22015,76206,23425,23535,5.0,0,5.0,500,0,0,0
2024-05-14 09:06:43.500000,23740,18,23735,3,23745,20,23730,76,23750,24,23725,42,23755,84,23720,41,23760,41,23715,18,23735,24025,23615,23650,,23878,104928,12527408175,76530,,24830,22015,76206,23425,23535,5.0,0,5.0,500,0,0,0
2024-05-14 09:06:44.000000,23735,22,23730,60,23740,21,23725,42,23745,20,23720,39,23750,25,23715,18,23755,83,23710,29,23730,24025,23615,23650,,23878,104970,12532391750,76502,,24830,22015,76206,23425,23535,5.0,0,5.0,500,0,0,0
2024-05-14 09:06:44.500000,23735,20,23730,62,23740,25,23725,42,23745,20,23720,39,23750,25,23715,18,23755,84,23710,29,23735,24025,23615,23650,,23878,104993,12535120925,76495,,24830,22015,76206,23425,23535,5.0,0,5.0,500,0,0,0
2024-05-14 09:06:45.000000,23735,18,23730,42,23740,56,23725,41,23745,19,23720,39,23750,26,23715,18,23755,55,23710,29,23735,24025,23615,23650,,23878,105019,12538205950,76487,,24830,22015,76206,23425,23535,5.0,0,5.0,500,0,0,0
2024-05-14 09:06:45.500000,23730,9,23725,39,23735,21,23720,40,23740,56,23715,18,23745,24,23710,29,23750,26,23705,30,23730,24025,23615,23650,,23878,105063,12543426550,76470,,24830,22015,76206,23425,23535,5.0,0,5.0,500,0,0,0
2024-05-14 09:06:46.000000,23735,26,23730,1,23740,58,23720,40,23745,24,23715,18,23750,27,23710,29,23755,58,23705,25,23730,24025,23615,23650,,23878,105124,12550663150,76478,,24830,22015,76206,23425,23535,5.0,0,5.0,500,0,0,0
2024-05-14 09:06:46.500000,23730,85,23725,4,23735,35,23720,39,23740,62,23715,18,23745,25,23710,29,23750,27,23705,25,23730,24025,23615,23650,,23878,105162,12555171425,76475,,24830,22015,76206,23425,23535,5.0,0,5.0,500,0,0,0
2024-05-14 09:06:47.000000,23725,14,23720,37,23730,79,23715,18,23735,29,23710,29,23740,61,23705,25,23745,35,23700,30,23725,24025,23615,23650,,23878,105195,12559086050,76476,,24830,22015,76206,23425,23535,5.0,0,5.0,500,0,0,0
2024-05-14 09:06:47.500000,23730,65,23725,45,23735,29,23720,29,23740,60,23715,18,23745,35,23710,29,23750,28,23705,25,23725,24025,23615,23650,,23878,105228,12563000700,76491,,24830,22015,76206,23425,23535,5.0,0,5.0,500,0,0,0
2024-05-14 09:06:48.000000,23730,60,23725,46,23735,26,23720,32,23740,60,23715,18,23745,35,23710,30,23750,29,23705,22,23725,24025,23615,23650,,23878,105232,12563475225,76491,,24830,22015,76206,23425,23535,5.0,0,5.0,500,0,0,0
2024-05-14 09:06:48.500000,23725,4,23720,19,23730,47,23715,18,23735,26,23710,30,23740,60,23705,22,23745,35,23700,31,23730,24025,23615,23650,,23878,105302,12571778975,76524,,24830,22015,76206,23425,23535,5.0,0,5.0,500,0,0,0
2024-05-14 09:06:49.000000,23725,47,23720,14,23730,49,23715,18,23735,25,23710,30,23740,30,23705,22,23745,37,23700,31,23725,24025,23615,23650,,23878,105319,12573795425,76520,,24830,22015,76206,23425,23535,5.0,0,5.0,500,0,0,0
2024-05-14 09:06:49.500000,23720,9,23715,16,23725,49,23710,30,23730,49,23705,22,23735,20,23700,31,23740,30,23695,25,23720,24025,23615,23650,,23878,105341,12576404750,76514,,24830,22015,76206,23425,23535,5.0,0,5.0,500,0,0,0
2024-05-14 09:06:50.000000,23725,47,23720,5,23730,45,23715,19,23735,22,23710,28,23740,30,23705,22,23745,37,23700,31,23720,24025,23615,23650,,23877,105380,12581030150,76526,,24830,22015,76206,23425,23535,5.0,0,5.0,500,0,0,0
2024-05-14 09:06:50.500000,23720,5,23715,22,23725,50,23710,28,23730,46,23705,22,23735,21,23700,31,23740,30,23695,18,23720,24025,23615,23650,,23877,105399,12583283550,76521,,24830,22015,76206,23425,23535,5.0,0,5.0,500,0,0,0
2024-05-14 09:06:51.000000,23725,42,23720,7,23730,46,23715,21,23735,21,23710,28,23740,30,23705,22,23745,37,23700,31,23725,24025,23615,23650,,23877,105419,12585655875,76518,,24830,22015,76206,23425,23535,5.0,0,5.0,500,0,0,0
2024-05-14 09:06:51.500000,23730,76,23725,23,23735,22,23720,34,23740,30,23715,22,23745,37,23710,28,23750,28,23705,22,23725,24025,23615,23650,,23877,105437,12587791125,76527,,24830,22015,76206,23425,23535,5.0,0,5.0,500,0,0,0
2024-05-14 09:06:52.000000,23735,33,23730,4,23740,32,23725,27,23745,37,23720,36,23750,27,23715,19,23755,68,23710,28,23735,24025,23615,23650,,23877,105577,12604401225,76564,,24830,22015,76206,23425,23535,5.0,0,5.0,500,0,0,0
2024-05-14 09:06:52.500000,23735,41,23725,17,23740,32,23720,36,23745,37,23715,23,23750,29,23710,28,23755,63,23705,23,23730,24025,23615,23650,,23877,105635,12611282475,76532,,24830,22015,76206,23425,23535,5.0,0,5.0,500,0,0,0
2024-05-14 09:06:53.000000,23730,18,23725,13,23735,35,23720,37,23740,32,23715,21,23745,37,23710,27,23750,27,23705,23,23730,24025,23615,23650,,23877,105658,12614011300,76545,,24830,22015,76206,23425,23535,5.0,0,5.0,500,0,0,0
2024-05-14 09:06:53.500000,23725,15,23720,38,23730,23,23715,21,23735,37,23710,27,23740,28,23705,23,23745,37,23700,38,23725,24025,23615,23650,,23877,105688,12617570150,76534,,24830,22015,76206,23425,23535,5.0,0,5.0,500,0,0,0
2024-05-14 09:06:54.000000,23730,29,23720,32,23735,37,23715,21,23740,27,23710,27,23745,37,23705,23,23750,28,23700,38,23725,24025,23615,23650,,23877,105704,12619468150,76526,,24830,22015,76206,23425,23535,5.0,0,5.0,500,0,0,0
2024-05-14 09:06:54.500000,23730,23,23725,2,23735,37,23720,34,23740,24,23715,22,23745,37,23710,28,23750,28,23705,24,23730,24025,23615,23650,,23877,105711,12620298575,76523,,24830,22015,76206,23425,23535,5.0,0,5.0,500,0,0,0
2024-05-14 09:06:55.000000,23730,24,23725,16,23735,38,23720,39,23740,24,23715,22,23745,37,23710,28,23750,28,23705,24,23725,24025,23615,23650,,23877,105712,12620417200,76523,,24830,22015,76206,23425,23535,5.0,0,5.0,500,0,0,0
2024-05-14 09:06:55.500000,23735,38,23730,9,23740,24,23725,18,23745,37,23720,39,23750,28,23715,23,23755,64,23710,29,23730,24025,23615,23650,,23877,105750,12624925900,76521,,24830,22015,76206,23425,23535,5.0,0,5.0,500,0,0,0
2024-05-14 09:06:56.000000,23730,66,23725,16,23735,16,23720,39,23740,24,23715,23,23745,39,23710,29,23750,28,23705,24,23730,24025,23615,23650,,23877,105767,12626942825,76521,,24830,22015,76206,23425,23535,5.0,0,5.0,500,0,0,0
2024-05-14 09:06:56.500000,23725,21,23720,40,23730,68,23715,24,23735,21,23710,29,23740,24,23705,24,23745,39,23700,39,23725,24025,23615,23650,,23877,105778,12628247700,76522,,24830,22015,76206,23425,23535,5.0,0,5.0,500,0,0,0
2024-05-14 09:06:57.000000,23725,6,23720,7,23730,63,23715,23,23735,18,23710,29,23740,24,23705,24,23745,39,23700,39,23720,24025,23615,23650,,23877,105818,12632992125,76532,,24830,22015,76206,23425,23535,5.0,0,5.0,500,0,0,0
2024-05-14 09:06:57.500000,23720,7,23715,22,23725,32,23710,30,23730,61,23705,25,23735,18,23700,39,23740,24,23695,16,23720,24025,23615,23650,,23877,105827,12634059500,76537,,24830,22015,76206,23425,23535,5.0,0,5.0,500,0,0,0
2024-05-14 09:06:58.000000,23720,7,23715,24,23725,31,23710,30,23730,52,23705,25,23735,18,23700,39,23740,24,23695,16,23715,24025,23615,23650,,23877,105847,12636431275,76540,,24830,22015,76206,23425,23535,5.0,0,5.0,500,0,0,0
2024-05-14 09:06:58.500000,23725,30,23715,22,23730,51,23710,35,23735,18,23705,25,23740,24,23700,39,23745,40,23695,16,23715,24025,23615,23650,,23877,105874,12639633325,76522,,24830,22015,76206,23425,23535,5.0,0,5.0,500,0,0,0
2024-05-14 09:06:59.000000,23725,30,23720,9,23730,50,23715,22,23735,18,23710,35,23740,24,23705,86,23745,40,23700,39,23715,24025,23615,23650,,23877,105878,12640107700,76523,,24830,22015,76206,23425,23535,5.0,0,5.0,500,0,0,0
2024-05-14 09:06:59.500000,23725,9,23720,28,23730,48,23715,25,23735,18,23710,35,23740,24,23705,86,23745,40,23700,39,23720,24025,23615,23650,,23877,105889,12641412550,76526,,24830,22015,76206,23425,23535,5.0,0,5.0,500,0,0,0
2024-05-14 09:07:00.000000,23730,48,23725,67,23735,19,23720,30,23740,24,23715,25,23745,40,23710,35,23750,29,23705,85,23725,24025,23615,23650,,23877,105988,12653156425,76506,,24830,22015,76206,23425,23535,5.0,0,5.0,500,0,0,0
2024-05-14 09:07:00.500000,23730,36,23725,59,23735,19,23720,35,23740,24,23715,28,23745,43,23710,37,23750,32,23705,85,23730,24025,23615,23650,,23877,105996,12654105600,76512,,24830,22015,76206,23425,23535,5.0,0,5.0,500,0,0,0
2024-05-14 09:07:01.000000,23735,17,23725,48,23740,24,23720,36,23745,41,23715,13,23750,32,23710,35,23755,64,23705,85,23725,24025,23615,23650,,23877,106047,12660156450,76493,,24830,22015,76206,23425,23535,5.0,0,5.0,500,0,0,0
2024-05-14 09:07:01.500000,23730,15,23725,52,23735,29,23720,34,23740,24,23715,14,23745,41,23710,35,23750,32,23705,85,23730,24025,23615,23650,,23876,106053,12660868350,76489,,24830,22015,76206,23425,23535,5.0,0,5.0,500,0,0,0
2024-05-14 09:07:02.000000,23735,20,23730,5,23740,24,23725,49,23745,42,23720,36,23750,33,23715,14,23755,64,23710,35,23730,24025,23615,23650,,23876,106085,12664665075,76481,,24830,22015,76206,23425,23535,5.0,0,5.0,500,0,0,0
2024-05-14 09:07:02.500000,23735,10,23730,8,23740,25,23725,41,23745,42,23720,38,23750,33,23715,14,23755,64,23710,35,23735,24025,23615,23650,,23876,106099,12666326400,76477,,24830,22015,76206,23425,23535,5.0,0,5.0,500,0,0,0
2024-05-14 09:07:03.000000,23735,10,23730,9,23740,25,23725,43,23745,42,23720,38,23750,33,23715,17,23755,65,23710,35,23730,24025,23615,23650,,23876,106113,12667987675,76474,,24830,22015,76206,23425,23535,5.0,0,5.0,500,0,0,0
2024-05-14 09:07:03.500000,23735,13,23730,10,23740,25,23725,44,23745,42,23720,38,23750,33,23715,17,23755,65,23710,35,23735,24025,23615,23650,,23876,106114,12668106350,76473,,24830,22015,76206,23425,23535,5.0,0,5.0,500,0,0,0
2024-05-14 09:07:04.000000,23735,11,23730,4,23740,24,23725,44,23745,42,23720,38,23750,33,23715,17,23755,65,23710,35,23730,24025,23615,23650,,23876,106130,12670004875,76466,,24830,22015,76206,23425,23535,5.0,0,5.0,500,0,0,0
2024-05-14 09:07:04.500000,23735,14,23730,9,23740,24,23725,44,23745,42,23720,38,23750,33,23715,17,23755,65,23710,35,23730,24025,23615,23650,,23876,106138,12670954100,76464,,24830,22015,76206,23425,23535,5.0,0,5.0,500,0,0,0
2024-05-14 09:07:05.000000,23735,15,23730,4,23740,24,23725,36,23745,42,23720,38,23750,34,23715,17,23755,65,23710,35,23730,24025,23615,23650,,23876,106145,12671784700,76459,,24830,22015,76206,23425,23535,5.0,0,5.0,500,0,0,0
2024-05-14 09:07:05.500000,23730,15,23725,29,23735,22,23720,38,23740,24,23715,17,23745,42,23710,35,23750,34,23705,85,23725,24025,23615,23650,,23876,106162,12673801575,76454,,24830,22015,76206,23425,23535,5.0,0,5.0,500,0,0,0
2024-05-14 09:07:06.000000,23730,15,23725,25,23735,25,23720,38,23740,23,23715,17,23745,42,23710,35,23750,34,23705,85,23730,24025,23615,23650,,23876,106165,12674157525,76454,,24830,22015,76206,23425,23535,5.0,0,5.0,500,0,0,0
2024-05-14 09:07:06.500000,23730,17,23725,21,23735,29,23720,37,23740,24,23715,18,23745,42,23710,35,23750,34,23705,85,23725,24025,23615,23650,,23876,106178,12675699850,76446,,24830,22015,76206,23425,23535,5.0,0,5.0,500,0,0,0
2024-05-14 09:07:07.000000,23725,41,23720,35,23730,28,23715,18,23735,30,23710,35,23740,23,23705,86,23745,42,23700,34,23725,24025,23615,23650,,23876,106211,12679614475,76445,,24830,22015,76206,23425,23535,5.0,0,5.0,500,0,0,0
2024-05-14 09:07:07.500000,23720,39,23715,18,23725,49,23710,35,23730,32,23705,86,23735,33,23700,34,23740,23,23695,16,23720,24025,23615,23650,,23876,106255,12684832875,76426,,24830,22015,76206,23425,23535,5.0,0,5.0,500,0,0,0
2024-05-14 09:07:08.000000,23715,5,23710,35,23720,47,23705,86,23725,48,23700,34,23730,36,23695,13,23735,32,23690,46,23715,24025,23615,23650,,23876,106312,12691591800,76429,,24830,22015,76206,23425,23535,5.0,0,5.0,500,0,0,0
2024-05-14 09:07:08.500000,23720,50,23715,8,23725,53,23710,30,23730,36,23705,84,23735,32,23700,29,23740,23,23695,14,23715,24025,23615,23650,,23876,106329,12693607575,76434,,24830,22015,76206,23425,23535,5.0,0,5.0,500,0,0,0
2024-05-14 09:07:09.000000,23720,45,23715,9,23725,51,23710,33,23730,36,23705,84,23735,31,23700,29,23740,23,23695,14,23715,24025,23615,23650,,23876,106339,12694793350,76437,,24830,22015,76206,23425,23535,5.0,0,5.0,500,0,0,0
2024-05-14 09:07:09.500000,23720,36,23715,10,23725,51,23710,33,23730,36,23705,84,23735,31,23700,29,23740,18,23695,14,23720,24025,23615,23650,,23876,106345,12695504950,76431,,24830,22015,76206,23425,23535,5.0,0,5.0,500,0,0,0
2024-05-14 09:07:10.000000,23720,36,23715,10,23725,30,23710,33,23730,37,23705,84,23735,31,23700,29,23740,18,23695,14,23720,24025,23615,23650,,23876,106346,12695623550,76431,,24830,22015,76206,23425,23535,5.0,0,5.0,500,0,0,0
2024-05-14 09:07:10.500000,23720,41,23715,11,23725,32,23710,33,23730,37,23705,84,23735,32,23700,29,23740,18,23695,14,23715,24025,23615,23650,,23876,106347,12695742125,76432,,24830,22015,76206,23425,23535,5.0,0,5.0,500,0,0,0
2024-05-14 09:07:11.000000,23715,2,23710,33,23720,41,23705,84,23725,32,23700,29,23730,37,23695,14,23735,32,23690,34,23715,24025,23615,23650,,23876,106362,12697520750,76440,,24830,22015,76206,23425,23535,5.0,0,5.0,500,0,0,0
2024-05-14 09:07:11.500000,23715,14,23710,15,23720,45,23705,84,23725,32,23700,29,23730,37,23695,14,23735,34,23690,34,23715,24025,23615,23650,,23876,106390,12700840350,76446,,24830,22015,76206,23425,23535,5.0,0,5.0,500,0,0,0
2024-05-14 09:07:12.000000,23710,11,23705,84,23715,22,23700,29,23720,45,23695,14,23725,25,23690,34,23730,35,23685,21,23710,24025,23615,23650,,23876,106441,12706886600,76449,,24830,22015,76206,23425,23535,5.0,0,5.0,500,0,0,0
2024-05-14 09:07:12.500000,23715,17,23710,43,23720,25,23705,81,23725,25,23700,28,23730,36,23695,14,23735,34,23690,34,23715,24025,23615,23650,,23876,106460,12709139200,76437,,24830,22015,76206,23425,23535,5.0,0,5.0,500,0,0,0
2024-05-14 09:07:13.000000,23720,24,23715,9,23725,25,23710,43,23730,32,23705,83,23735,34,23700,28,23740,18,23695,14,23715,24025,23615,23650,,23876,106526,12716965150,76455,,24830,22015,76206,23425,23535,5.0,0,5.0,500,0,0,0
2024-05-14 09:07:13.500000,23715,21,23710,44,23720,23,23705,83,23725,22,23700,28,23730,32,23695,14,23735,34,23690,31,23715,24025,23615,23650,,23876,106533,12717795175,76448,,24830,22015,76206,23425,23535,5.0,0,5.0,500,0,0,0
2024-05-14 09:07:14.000000,23715,22,23710,44,23720,24,23705,83,23725,22,23700,28,23730,32,23695,14,23735,34,23690,31,23710,24025,23615,23650,,23876,106535,12718032300,76448,,24830,22015,76206,23425,23535,5.0,0,5.0,500,0,0,0
2024-05-14 09:07:14.500000,23715,1,23710,46,23720,25,23705,85,23725,23,23700,28,23730,32,23695,14,23735,34,23690,31,23715,24025,23615,23650,,23876,106539,12718506600,76450,,24830,22015,76206,23425,23535,5.0,0,5.0,500,0,0,0
2024-05-14 09:07:15.000000,23720,24,23715,3,23725,19,23710,45,23730,32,23705,84,23735,34,23700,28,23740,19,23695,17,23715,24025,23615,23650,,23876,106559,12720878100,76439,,24830,22015,76206,23425,23535,5.0,0,5.0,500,0,0,0
2024-05-14 09:07:15.500000,23715,2,23710,48,23720,24,23705,85,23725,19,23700,28,23730,32,23695,17,23735,31,23690,31,23715,24025,23615,23650,,23876,106570,12722182425,76435,,24830,22015,76206,23425,23535,5.0,0,5.0,500,0,0,0
2024-05-14 09:07:16.000000,23715,2,23710,44,23720,27,23705,85,23725,19,23700,28,23730,32,23695,17,23735,31,23690,31,23715,24025,23615,23650,,23876,106583,12723723900,76439,,24830,22015,76206,23425,23535,5.0,0,5.0,500,0,0,0
2024-05-14 09:07:16.500000,23715,13,23710,41,23720,27,23705,85,23725,19,23700,28,23730,32,23695,17,23735,31,23690,31,23715,24025,23615,23650,,23876,106588,12724316775,76441,,24830,22015,76206,23425,23535,5.0,0,5.0,500,0,0,0
2024-05-14 09:07:17.000000,23715,14,23710,34,23720,27,23705,84,23725,19,23700,28,23730,33,23695,17,23735,31,23690,31,23715,24025,23615,23650,,23876,106597,12725383775,76441,,24830,22015,76206,23425,23535,5.0,0,5.0,500,0,0,0
2024-05-14 09:07:17.500000,23710,32,23705,84,23715,16,23700,30,23720,27,23695,17,23725,19,23690,31,23730,33,23685,14,23710,24025,23615,23650,,23876,106631,12729414475,76447,,24830,22015,76206,23425,23535,5.0,0,5.0,500,0,0,0
2024-05-14 09:07:18.000000,23710,34,23705,71,23715,21,23700,30,23720,29,23695,17,23725,19,23690,31,23730,33,23685,18,23705,24025,23615,23650,,23876,106645,12731073925,76450,,24830,22015,76206,23425,23535,5.0,0,5.0,500,0,0,0
2024-05-14 09:07:18.500000,23705,12,23700,28,23710,38,23695,17,23715,21,23690,31,23720,29,23685,18,23725,18,23680,64,23705,24025,23615,23650,,23875,106720,12739963275,76451,,24830,22015,76206,23425,23535,5.0,0,5.0,500,0,0,0
2024-05-14 09:07:19.000000,23705,9,23700,10,23710,40,23695,24,23715,25,23690,26,23720,29,23685,18,23725,18,23680,48,23700,24025,23615,23650,,23875,106756,12744229850,76458,,24830,22015,76206,23425,23535,5.0,0,5.0,500,0,0,0
2024-05-14 09:07:19.500000,23700,32,23695,21,23705,15,23690,26,23710,42,23685,18,23715,25,23680,49,23720,29,23675,26,23695,24025,23615,23650,,23875,106799,12749325375,76442,,24830,22015,76206,23425,23535,5.0,0,5.0,500,0,0,0
2024-05-14 09:07:20.000000,23705,14,23700,10,23710,43,23695,16,23715,24,23690,29,23720,29,23685,19,23725,17,23680,49,23700,24025,23615,23650,,23875,106852,12755605975,76427,,24830,22015,76206,23425,23535,5.0,0,5.0,500,0,0,0
2024-05-14 09:07:20.500000,23705,4,23700,15,23710,44,23695,20,23715,25,23690,29,23720,32,23685,19,23725,17,23680,50,23700,24025,23615,23650,,23875,106860,12756554100,76430,,24830,22015,76206,23425,23535,5.0,0,5.0,500,0,0,0
2024-05-14 09:07:21.000000,23705,2,23700,14,23710,44,23695,21,23715,25,23690,29,23720,33,23685,18,23725,17,23680,50,23700,24025,23615,23650,,23875,106871,12757857800,76423,,24830,22015,76206,23425,23535,5.0,0,5.0,500,0,0,0
2024-05-14 09:07:21.500000,23705,7,23700,20,23710,44,23695,20,23715,26,23690,30,23720,33,23685,18,23725,17,23680,50,23700,24025,23615,23650,,23875,106876,12758450400,76421,,24830,22015,76206,23425,23535,5.0,0,5.0,500,0,0,0
2024-05-14 09:07:22.000000,23710,44,23705,6,23715,25,23700,21,23720,33,23695,20,23725,17,23690,30,23730,35,23685,18,23705,24025,23615,23650,,23875,106887,12759754175,76416,,24830,22015,76206,23425,23535,5.0,0,5.0,500,0,0,0
2024-05-14 09:07:22.500000,23705,11,23700,19,23710,27,23695,20,23715,23,23690,31,23720,34,23685,20,23725,17,23680,50,23705,24025,23615,23650,,23875,106910,12762480225,76401,,24830,22015,76206,23425,23535,5.0,0,5.0,500,0,0,0
2024-05-14 09:07:23.000000,23710,27,23705,13,23715,23,23700,18,23720,34,23695,20,23725,17,23690,31,23730,35,23685,20,23705,24025,23615,23650,,23875,106929,12764732200,76409,,24830,22015,76206,23425,23535,5.0,0,5.0,500,0,0,0
2024-05-14 09:07:23.500000,23710,20,23705,13,23715,24,23700,20,23720,34,23695,23,23725,17,23690,31,23730,35,23685,20,23710,24025,23615,23650,,23875,106932,12765087800,76407,,24830,22015,76206,23425,23535,5.0,0,5.0,500,0,0,0
2024-05-14 09:07:24.000000,23710,14,23705,9,23715,24,23700,21,23720,34,23695,23,23725,17,23690,31,23730,35,23685,20,23710,24025,23615,23650,,23875,106948,12766984475,76408,,24830,22015,76206,23425,23535,5.0,0,5.0,500,0,0,0
2024-05-14 09:07:24.500000,23710,14,23705,15,23715,24,23700,27,23720,34,23695,23,23725,17,23690,31,23730,35,23685,20,23710,24025,23615,23650,,23875,106949,12767103025,76407,,24830,22015,76206,23425,23535,5.0,0,5.0,500,0,0,0
2024-05-14 09:07:25.000000,23710,12,23705,16,23715,25,23700,35,23720,34,23695,23,23725,17,23690,31,23730,35,23685,20,23705,24025,23615,23650,,23875,106952,12767458650,76407,,24830,22015,76206,23425,23535,5.0,0,5.0,500,0,0,0
2024-05-14 09:07:25.500000,23715,26,23710,23,23720,34,23705,20,23725,17,23700,35,23730,35,23695,23,23735,30,23690,31,23710,24025,23615,23650,,23875,106962,12768644125,76408,,24830,22015,76206,23425,23535,5.0,0,5.0,500,0,0,0
2024-05-14 09:07:26.000000,23715,13,23710,26,23720,34,23705,25,23725,17,23700,38,23730,35,23695,22,23735,30,23690,31,23715,24025,23615,23650,,23875,106965,12768999850,76410,,24830,22015,76206,23425,23535,5.0,0,5.0,500,0,0,0
2024-05-14 09:07:26.500000,23715,20,23710,24,23720,35,23705,25,23725,17,23700,40,23730,35,23695,23,23735,30,23690,31,23710,24025,23615,23650,,23875,106982,12771015575,76412,,24830,22015,76206,23425,23535,5.0,0,5.0,500,0,0,0
2024-05-14 09:07:27.000000,23715,9,23710,1,23720,36,23705,25,23725,17,23700,40,23730,35,23695,23,23735,30,23690,31,23710,24025,23615,23650,,23875,107006,12773860800,76424,,24830,22015,76206,23425,23535,5.0,0,5.0,500,0,0,0
2024-05-14 09:07:27.500000,23715,12,23710,2,23720,36,23705,25,23725,17,23700,40,23730,35,23695,23,23735,30,23690,31,23710,24025,23615,23650,,23875,107014,12774809200,76418,,24830,22015,76206,23425,23535,5.0,0,5.0,500,0,0,0
2024-05-14 09:07:28.000000,23715,10,23710,15,23720,36,23705,25,23725,17,23700,40,23730,35,23695,23,23735,30,23690,31,23710,24025,23615,23650,,23875,107014,12774809200,76418,,24830,22015,76206,23425,23535,5.0,0,5.0,500,0,0,0
2024-05-14 09:07:28.500000,23720,35,23715,1,23725,17,23710,18,23730,35,23705,25,23735,30,23700,45,23740,23,23695,23,23715,24025,23615,23650,,23875,107027,12776350675,76406,,24830,22015,76206,23425,23535,5.0,0,5.0,500,0,0,0
2024-05-14 09:07:29.000000,23720,29,23710,20,23725,17,23705,25,23730,30,23700,45,23735,30,23695,25,23740,18,23690,31,23710,24025,23615,23650,,23875,107048,12778840725,76392,,24830,22015,76206,23425,23535,5.0,0,5.0,500,0,0,0
2024-05-14 09:07:29.500000,23720,26,23715,16,23725,17,23710,22,23730,30,23705,25,23735,30,23700,43,23740,18,23695,25,23715,24025,23615,23650,,23875,107057,12779907900,76396,,24830,22015,76206,23425,23535,5.0,0,5.0,500,0,0,0
2024-05-14 09:07:30.000000,23715,8,23710,22,23720,33,23705,24,23725,17,23700,44,23730,30,23695,25,23735,30,23690,31,23710,24025,23615,23650,,23875,107079,12782516525,76409,,24830,22015,76206,23425,23535,5.0,0,5.0,500,0,0,0
2024-05-14 09:07:30.500000,23715,13,23710,21,23720,34,23705,24,23725,17,23700,43,23730,30,23695,25,23735,30,23690,31,23715,24025,23615,23650,,23875,107081,12782753675,76408,,24830,22015,76206,23425,23535,5.0,0,5.0,500,0,0,0
2024-05-14 09:07:31.000000,23715,22,23710,19,23720,32,23705,24,23725,17,23700,45,23730,30,23695,25,23735,30,23690,31,23715,24025,23615,23650,,23875,107086,12783346525,76404,,24830,22015,76206,23425,23535,5.0,0,5.0,500,0,0,0
2024-05-14 09:07:31.500000,23715,24,23710,13,23720,32,23705,25,23725,17,23700,55,23730,30,23695,25,23735,30,23690,31,23710,24025,23615,23650,,23875,107092,12784057825,76400,,24830,22015,76206,23425,23535,5.0,0,5.0,500,0,0,0
2024-05-14 09:07:32.000000,23715,30,23710,10,23720,32,23705,27,23725,17,23700,55,23730,30,23695,25,23735,31,23690,31,23715,24025,23615,23650,,23875,107104,12785480550,76396,,24830,22015,76206,23425,23535,5.0,0,5.0,500,0,0,0
2024-05-14 09:07:32.500000,23715,32,23705,27,23720,32,23700,55,23725,17,23695,26,23730,30,23690,31,23735,31,23685,24,23710,24025,23615,23650,,23875,107116,12786903150,76399,,24830,22015,76206,23425,23535,5.0,0,5.0,500,0,0,0
2024-05-14 09:07:33.000000,23710,13,23705,30,23715,32,23700,55,23720,32,23695,26,23725,17,23690,41,23730,31,23685,24,23710,24025,23615,23650,,23875,107136,12789274150,76388,,24830,22015,76206,23425,23535,5.0,0,5.0,500,0,0,0
2024-05-14 09:07:33.500000,23710,24,23705,28,23715,20,23700,54,23720,32,23695,26,23725,17,23690,41,23730,33,23685,24,23710,24025,23615,23650,,23875,107140,12789748350,76386,,24830,22015,76206,23425,23535,5.0,0,5.0,500,0,0,0
2024-05-14 09:07:34.000000,23710,29,23705,29,23715,20,23700,55,23720,32,23695,27,23725,17,23690,41,23730,33,23685,24,23710,24025,23615,23650,,23875,107140,12789748350,76386,,24830,22015,76206,23425,23535,5.0,0,5.0,500,0,0,0
2024-05-14 09:07:34.500000,23710,26,23705,30,23715,21,23700,60,23720,32,23695,27,23725,17,23690,41,23730,33,23685,24,23710,24025,23615,23650,,23875,107141,12789866900,76386,,24830,22015,76206,23425,23535,5.0,0,5.0,500,0,0,0
2024-05-14 09:07:35.000000,23715,21,23710,17,23720,32,23705,30,23725,17,23700,60,23730,33,23695,27,23735,30,23690,41,23710,24025,23615,23650,,23875,107167,12792949200,76377,,24830,22015,76206,23425,23535,5.0,0,5.0,500,0,0,0
2024-05-14 09:07:35.500000,23720,32,23715,1,23725,17,23710,30,23730,33,23705,34,23735,30,23700,60,23740,19,23695,26,23715,24025,23615,23650,,23875,107184,12794964975,76381,,24830,22015,76206,23425,23535,5.0,0,5.0,500,0,0,0
2024-05-14 09:07:36.000000,23720,25,23715,18,23725,17,23710,35,23730,33,23705,35,23735,30,23700,60,23740,19,23695,26,23720,24025,23615,23650,,23875,107186,12795202150,76382,,24830,22015,76206,23425,23535,5.0,0,5.0,500,0,0,0
2024-05-14 09:07:36.500000,23720,15,23715,20,23725,18,23710,36,23730,33,23705,38,23735,30,23700,60,23740,19,23695,26,23720,24025,23615,23650,,23875,107209,12797929950,76376,,24830,22015,76206,23425,23535,5.0,0,5.0,500,0,0,0
2024-05-14 09:07:37.000000,23725,18,23720,1,23730,33,23715,21,23735,30,23710,36,23740,19,23705,38,23745,60,23700,61,23720,24025,23615,23650,,23875,107225,12799827550,76375,,24830,22015,76206,23425,23535,5.0,0,5.0,500,0,0,0
2024-05-14 09:07:37.500000,23720,29,23715,18,23725,26,23710,36,23730,33,23705,38,23735,29,23700,61,23740,19,23695,26,23720,24025,23615,23650,,23875,107233,12800776225,76373,,24830,22015,76206,23425,23535,5.0,0,5.0,500,0,0,0
