datetime,ask_price1,ask_volume1,bid_price1,bid_volume1,ask_price2,ask_volume2,bid_price2,bid_volume2,ask_price3,ask_volume3,bid_price3,bid_volume3,ask_price4,ask_volume4,bid_price4,bid_volume4,ask_price5,ask_volume5,bid_price5,bid_volume5,last_price,highest,lowest,open,close,average,volume,amount,open_interest,settlement,upper_limit,lower_limit,pre_open_interest,pre_settlement,pre_close,price_tick,price_decs,volume_multiple,max_limit_order_volume,max_market_order_volume,min_limit_order_volume,min_market_order_volume
2024-05-13 13:49:45.000000,23500,12,23495,20,23505,41,23490,37,23510,24,23485,25,23515,42,23480,39,23520,66,23475,41,23495,23655,23255,23620,,23413,156233,18289797675,77452,,24835,22020,81154,23430,23720,5.0,0,5.0,500,0,0,0
2024-05-13 13:49:45.500000,23500,25,23495,20,23505,41,23490,37,23510,24,23485,25,23515,42,23480,39,23520,66,23475,41,23495,23655,23255,23620,,23413,156233,18289797675,77452,,24835,22020,81154,23430,23720,5.0,0,5.0,500,0,0,0
2024-05-13 13:49:46.000000,23500,25,23495,19,23505,41,23490,37,23510,24,23485,25,23515,42,23480,39,23520,66,23475,41,23495,23655,23255,23620,,23413,156233,18289797675,77452,,24835,22020,81154,23430,23720,5.0,0,5.0,500,0,0,0
2024-05-13 13:49:46.500000,23500,26,23495,19,23505,41,23490,37,23510,24,23485,25,23515,42,23480,39,23520,66,23475,41,23495,23655,23255,23620,,23413,156233,18289797675,77452,,24835,22020,81154,23430,23720,5.0,0,5.0,500,0,0,0
2024-05-13 13:49:47.500000,23500,27,23495,19,23505,41,23490,37,23510,24,23485,25,23515,42,23480,39,23520,66,23475,41,23495,23655,23255,23620,,23413,156233,18289797675,77452,,24835,22020,81154,23430,23720,5.0,0,5.0,500,0,0,0
2024-05-13 13:49:48.000000,23500,30,23490,37,23505,41,23485,25,23510,24,23480,39,23515,42,23475,41,23520,66,23470,57,23495,23655,23255,23620,,23413,156248,18291559800,77449,,24835,22020,81154,23430,23720,5.0,0,5.0,500,0,0,0
2024-05-13 13:49:48.500000,23495,21,23490,34,23500,35,23485,24,23505,43,23480,39,23510,25,23475,41,23515,42,23470,57,23495,23655,23255,23620,,23413,156248,18291559800,77449,,24835,22020,81154,23430,23720,5.0,0,5.0,500,0,0,0
2024-05-13 13:49:49.000000,23495,23,23490,27,23500,41,23485,24,23505,45,23480,39,23510,25,23475,41,23515,43,23470,57,23495,23655,23255,23620,,23413,156248,18291559800,77449,,24835,22020,81154,23430,23720,5.0,0,5.0,500,0,0,0
2024-05-13 13:49:49.500000,23495,23,23490,19,23500,41,23485,24,23505,45,23480,39,23510,25,23475,41,23515,43,23470,57,23495,23655,23255,23620,,23413,156248,18291559800,77449,,24835,22020,81154,23430,23720,5.0,0,5.0,500,0,0,0
2024-05-13 13:49:50.000000,23495,23,23490,18,23500,41,23485,24,23505,45,23480,39,23510,25,23475,42,23515,43,23470,57,23495,23655,23255,23620,,23413,156248,18291559800,77449,,24835,22020,81154,23430,23720,5.0,0,5.0,500,0,0,0
2024-05-13 13:49:50.500000,23495,22,23490,19,23500,41,23485,24,23505,45,23480,39,23510,25,23475,42,23515,43,23470,57,23495,23655,23255,23620,,23413,156249,18291677275,77450,,24835,22020,81154,23430,23720,5.0,0,5.0,500,0,0,0
2024-05-13 13:49:51.000000,23495,18,23490,19,23500,41,23485,24,23505,45,23480,39,23510,25,23475,42,23515,43,23470,57,23495,23655,23255,23620,,23413,156249,18291677275,77450,,24835,22020,81154,23430,23720,5.0,0,5.0,500,0,0,0
2024-05-13 13:49:51.500000,23495,18,23490,20,23500,42,23485,24,23505,45,23480,39,23510,25,23475,42,23515,43,23470,57,23495,23655,23255,23620,,23413,156249,18291677275,77450,,24835,22020,81154,23430,23720,5.0,0,5.0,500,0,0,0
2024-05-13 13:49:52.000000,23495,18,23490,21,23500,42,23485,24,23505,45,23480,39,23510,25,23475,42,23515,43,23470,57,23495,23655,23255,23620,,23413,156249,18291677275,77450,,24835,22020,81154,23430,23720,5.0,0,5.0,500,0,0,0
2024-05-13 13:49:54.000000,23495,18,23490,22,23500,42,23485,24,23505,45,23480,39,23510,25,23475,42,23515,43,23470,57,23495,23655,23255,23620,,23413,156249,18291677275,77450,,24835,22020,81154,23430,23720,5.0,0,5.0,500,0,0,0
2024-05-13 13:49:54.500000,23495,15,23490,22,23500,42,23485,24,23505,45,23480,39,23510,25,23475,42,23515,43,23470,57,23495,23655,23255,23620,,23413,156249,18291677275,77450,,24835,22020,81154,23430,23720,5.0,0,5.0,500,0,0,0
2024-05-13 13:49:57.000000,23495,15,23490,24,23500,42,23485,24,23505,45,23480,39,23510,25,23475,42,23515,43,23470,57,23495,23655,23255,23620,,23413,156249,18291677275,77450,,24835,22020,81154,23430,23720,5.0,0,5.0,500,0,0,0
2024-05-13 13:49:58.000000,23495,15,23490,24,23500,42,23485,24,23505,45,23480,27,23510,25,23475,42,23515,43,23470,57,23495,23655,23255,23620,,23413,156249,18291677275,77450,,24835,22020,81154,23430,23720,5.0,0,5.0,500,0,0,0
2024-05-13 13:49:58.500000,23495,15,23490,24,23500,42,23485,24,23505,45,23480,28,23510,25,23475,42,23515,43,23470,57,23495,23655,23255,23620,,23413,156249,18291677275,77450,,24835,22020,81154,23430,23720,5.0,0,5.0,500,0,0,0
2024-05-13 13:49:59.500000,23495,16,23490,24,23500,42,23485,24,23505,45,23480,28,23510,25,23475,42,23515,43,23470,57,23495,23655,23255,23620,,23413,156249,18291677275,77450,,24835,22020,81154,23430,23720,5.0,0,5.0,500,0,0,0
2024-05-13 13:50:00.500000,23495,16,23490,24,23500,42,23485,24,23505,46,23480,28,23510,25,23475,42,23515,43,23470,57,23495,23655,23255,23620,,23413,156249,18291677275,77450,,24835,22020,81154,23430,23720,5.0,0,5.0,500,0,0,0
2024-05-13 13:50:01.000000,23495,17,23490,23,23500,42,23485,24,23505,46,23480,28,23510,25,23475,42,23515,43,23470,57,23490,23655,23255,23620,,23413,156250,18291794725,77449,,24835,22020,81154,23430,23720,5.0,0,5.0,500,0,0,0
2024-05-13 13:50:02.500000,23495,21,23490,23,23500,42,23485,24,23505,46,23480,28,23510,25,23475,42,23515,43,23470,57,23490,23655,23255,23620,,23413,156250,18291794725,77449,,24835,22020,81154,23430,23720,5.0,0,5.0,500,0,0,0
2024-05-13 13:50:03.500000,23495,21,23490,23,23500,42,23485,23,23505,46,23480,28,23510,25,23475,42,23515,43,23470,57,23490,23655,23255,23620,,23413,156250,18291794725,77449,,24835,22020,81154,23430,23720,5.0,0,5.0,500,0,0,0
2024-05-13 13:50:04.500000,23495,21,23490,22,23500,42,23485,23,23505,46,23480,28,23510,25,23475,42,23515,43,23470,57,23490,23655,23255,23620,,23413,156251,18291912175,77449,,24835,22020,81154,23430,23720,5.0,0,5.0,500,0,0,0
2024-05-13 13:50:05.000000,23495,21,23490,21,23500,42,23485,23,23505,46,23480,28,23510,25,23475,42,23515,43,23470,57,23490,23655,23255,23620,,23413,156251,18291912175,77449,,24835,22020,81154,23430,23720,5.0,0,5.0,500,0,0,0
2024-05-13 13:50:05.500000,23495,34,23490,21,23500,42,23485,23,23505,46,23480,28,23510,25,23475,42,23515,43,23470,57,23490,23655,23255,23620,,23413,156251,18291912175,77449,,24835,22020,81154,23430,23720,5.0,0,5.0,500,0,0,0
2024-05-13 13:50:06.000000,23490,10,23485,23,23495,35,23480,28,23500,42,23475,42,23505,46,23470,57,23510,25,23465,32,23490,23655,23255,23620,,23414,156268,18293908825,77457,,24835,22020,81154,23430,23720,5.0,0,5.0,500,0,0,0
2024-05-13 13:50:06.500000,23495,30,23490,12,23500,45,23485,21,23505,46,23480,28,23510,25,23475,42,23515,43,23470,57,23490,23655,23255,23620,,23414,156285,18295905600,77462,,24835,22020,81154,23430,23720,5.0,0,5.0,500,0,0,0
2024-05-13 13:50:07.000000,23495,15,23490,20,23500,45,23485,24,23505,46,23480,28,23510,25,23475,42,23515,43,23470,57,23490,23655,23255,23620,,23414,156285,18295905600,77462,,24835,22020,81154,23430,23720,5.0,0,5.0,500,0,0,0
2024-05-13 13:50:07.500000,23500,45,23490,25,23505,46,23485,25,23510,25,23480,28,23515,43,23475,42,23520,66,23470,57,23495,23655,23255,23620,,23414,156297,18297315300,77464,,24835,22020,81154,23430,23720,5.0,0,5.0,500,0,0,0
2024-05-13 13:50:08.000000,23500,41,23495,22,23505,46,23490,25,23510,25,23485,26,23515,43,23480,28,23520,66,23475,42,23495,23655,23255,23620,,23414,156297,18297315300,77464,,24835,22020,81154,23430,23720,5.0,0,5.0,500,0,0,0
2024-05-13 13:50:08.500000,23500,37,23495,24,23505,46,23490,26,23510,25,23485,23,23515,43,23480,28,23520,66,23475,42,23495,23655,23255,23620,,23414,156297,18297315300,77464,,24835,22020,81154,23430,23720,5.0,0,5.0,500,0,0,0
2024-05-13 13:50:09.000000,23500,24,23495,12,23505,46,23490,26,23510,25,23485,23,23515,43,23480,28,23520,66,23475,42,23495,23655,23255,23620,,23414,156297,18297315300,77464,,24835,22020,81154,23430,23720,5.0,0,5.0,500,0,0,0
2024-05-13 13:50:09.500000,23500,24,23495,15,23505,46,23490,26,23510,25,23485,23,23515,43,23480,28,23520,66,23475,42,23495,23655,23255,23620,,23414,156297,18297315300,77464,,24835,22020,81154,23430,23720,5.0,0,5.0,500,0,0,0
2024-05-13 13:50:10.000000,23500,24,23495,14,23505,46,23490,26,23510,25,23485,23,23515,43,23480,28,23520,66,23475,42,23495,23655,23255,23620,,23414,156297,18297315300,77464,,24835,22020,81154,23430,23720,5.0,0,5.0,500,0,0,0
2024-05-13 13:50:10.500000,23500,26,23495,8,23505,46,23490,26,23510,25,23485,23,23515,43,23480,28,23520,66,23475,42,23495,23655,23255,23620,,23414,156297,18297315300,77464,,24835,22020,81154,23430,23720,5.0,0,5.0,500,0,0,0
2024-05-13 13:50:11.000000,23500,26,23495,6,23505,46,23490,26,23510,25,23485,23,23515,43,23480,28,23520,66,23475,42,23495,23655,23255,23620,,23414,156297,18297315300,77464,,24835,22020,81154,23430,23720,5.0,0,5.0,500,0,0,0
2024-05-13 13:50:11.500000,23500,27,23495,5,23505,46,23490,26,23510,25,23485,23,23515,43,23480,28,23520,66,23475,42,23495,23655,23255,23620,,23414,156297,18297315300,77464,,24835,22020,81154,23430,23720,5.0,0,5.0,500,0,0,0
2024-05-13 13:50:12.500000,23495,6,23490,7,23500,27,23485,23,23505,46,23480,28,23510,25,23475,42,23515,43,23470,57,23490,23655,23255,23620,,23414,156322,18300251700,77482,,24835,22020,81154,23430,23720,5.0,0,5.0,500,0,0,0
2024-05-13 13:50:13.000000,23495,9,23490,12,23500,34,23485,23,23505,46,23480,28,23510,25,23475,42,23515,43,23470,57,23490,23655,23255,23620,,23414,156322,18300251700,77482,,24835,22020,81154,23430,23720,5.0,0,5.0,500,0,0,0
2024-05-13 13:50:13.500000,23495,13,23490,17,23500,34,23485,23,23505,46,23480,28,23510,25,23475,42,23515,43,23470,57,23490,23655,23255,23620,,23414,156322,18300251700,77482,,24835,22020,81154,23430,23720,5.0,0,5.0,500,0,0,0
2024-05-13 13:50:14.000000,23495,13,23490,17,23500,34,23485,23,23505,46,23480,28,23510,25,23475,42,23515,43,23470,58,23490,23655,23255,23620,,23414,156322,18300251700,77482,,24835,22020,81154,23430,23720,5.0,0,5.0,500,0,0,0
2024-05-13 13:50:14.500000,23495,13,23490,18,23500,34,23485,23,23505,46,23480,28,23510,25,23475,42,23515,43,23470,58,23490,23655,23255,23620,,23414,156322,18300251700,77482,,24835,22020,81154,23430,23720,5.0,0,5.0,500,0,0,0
2024-05-13 13:50:15.000000,23495,13,23490,18,23500,34,23485,23,23505,46,23480,28,23510,25,23475,42,23515,43,23470,60,23490,23655,23255,23620,,23414,156322,18300251700,77482,,24835,22020,81154,23430,23720,5.0,0,5.0,500,0,0,0
2024-05-13 13:50:17.500000,23495,16,23490,9,23500,34,23485,23,23505,46,23480,28,23510,25,23475,42,23515,43,23470,60,23490,23655,23255,23620,,23414,156331,18301308750,77481,,24835,22020,81154,23430,23720,5.0,0,5.0,500,0,0,0
2024-05-13 13:50:18.000000,23495,30,23490,3,23500,34,23485,23,23505,46,23480,28,23510,25,23475,42,23515,43,23470,60,23490,23655,23255,23620,,23414,156331,18301308750,77481,,24835,22020,81154,23430,23720,5.0,0,5.0,500,0,0,0
2024-05-13 13:50:19.000000,23495,30,23490,15,23500,33,23485,23,23505,46,23480,28,23510,25,23475,42,23515,43,23470,60,23490,23655,23255,23620,,23414,156331,18301308750,77481,,24835,22020,81154,23430,23720,5.0,0,5.0,500,0,0,0
2024-05-13 13:50:19.500000,23495,30,23490,16,23500,33,23485,23,23505,46,23480,29,23510,25,23475,42,23515,43,23470,60,23490,23655,23255,23620,,23414,156331,18301308750,77481,,24835,22020,81154,23430,23720,5.0,0,5.0,500,0,0,0
2024-05-13 13:50:20.000000,23495,30,23490,17,23500,33,23485,23,23505,46,23480,29,23510,25,23475,42,23515,43,23470,60,23490,23655,23255,23620,,23414,156331,18301308750,77481,,24835,22020,81154,23430,23720,5.0,0,5.0,500,0,0,0
2024-05-13 13:50:21.000000,23495,17,23490,17,23500,33,23485,23,23505,46,23480,29,23510,25,23475,42,23515,43,23470,60,23490,23655,23255,23620,,23414,156331,18301308750,77481,,24835,22020,81154,23430,23720,5.0,0,5.0,500,0,0,0
2024-05-13 13:50:21.500000,23495,14,23490,18,23500,31,23485,23,23505,46,23480,29,23510,25,23475,42,23515,43,23470,60,23495,23655,23255,23620,,23414,156332,18301426225,77482,,24835,22020,81154,23430,23720,5.0,0,5.0,500,0,0,0
2024-05-13 13:50:22.000000,23495,15,23490,19,23500,31,23485,23,23505,46,23480,29,23510,25,23475,42,23515,43,23470,60,23495,23655,23255,23620,,23414,156332,18301426225,77482,,24835,22020,81154,23430,23720,5.0,0,5.0,500,0,0,0
2024-05-13 13:50:23.000000,23495,15,23490,20,23500,31,23485,23,23505,46,23480,29,23510,25,23475,42,23515,43,23470,60,23495,23655,23255,23620,,23414,156332,18301426225,77482,,24835,22020,81154,23430,23720,5.0,0,5.0,500,0,0,0
2024-05-13 13:50:23.500000,23495,15,23490,15,23500,36,23485,23,23505,46,23480,29,23510,25,23475,42,23515,43,23470,60,23490,23655,23255,23620,,23414,156337,18302013475,77483,,24835,22020,81154,23430,23720,5.0,0,5.0,500,0,0,0
2024-05-13 13:50:24.000000,23495,14,23490,14,23500,36,23485,22,23505,46,23480,29,23510,25,23475,42,23515,43,23470,60,23490,23655,23255,23620,,23414,156337,18302013475,77483,,24835,22020,81154,23430,23720,5.0,0,5.0,500,0,0,0
2024-05-13 13:50:24.500000,23495,27,23490,9,23500,36,23485,22,23505,46,23480,29,23510,25,23475,42,23515,43,23470,60,23490,23655,23255,23620,,23414,156343,18302718175,77477,,24835,22020,81154,23430,23720,5.0,0,5.0,500,0,0,0
2024-05-13 13:50:25.000000,23490,7,23485,12,23495,24,23480,29,23500,36,23475,42,23505,46,23470,60,23510,25,23465,33,23485,23655,23255,23620,,23414,156367,18305536850,77473,,24835,22020,81154,23430,23720,5.0,0,5.0,500,0,0,0
2024-05-13 13:50:25.500000,23495,30,23485,21,23500,38,23480,29,23505,46,23475,42,23510,25,23470,60,23515,43,23465,33,23490,23655,23255,23620,,23414,156374,18306359000,77473,,24835,22020,81154,23430,23720,5.0,0,5.0,500,0,0,0
2024-05-13 13:50:26.000000,23495,28,23490,12,23500,38,23485,22,23505,46,23480,29,23510,25,23475,42,23515,43,23470,60,23490,23655,23255,23620,,23414,156375,18306476450,77473,,24835,22020,81154,23430,23720,5.0,0,5.0,500,0,0,0
2024-05-13 13:50:26.500000,23495,28,23490,16,23500,38,23485,23,23505,46,23480,29,23510,25,23475,42,23515,43,23470,60,23490,23655,23255,23620,,23414,156375,18306476450,77473,,24835,22020,81154,23430,23720,5.0,0,5.0,500,0,0,0
2024-05-13 13:50:27.000000,23495,25,23490,5,23500,38,23485,23,23505,46,23480,29,23510,25,23475,42,23515,43,23470,60,23490,23655,23255,23620,,23414,156375,18306476450,77473,,24835,22020,81154,23430,23720,5.0,0,5.0,500,0,0,0
2024-05-13 13:50:27.500000,23495,25,23490,9,23500,38,23485,23,23505,46,23480,29,23510,25,23475,42,23515,43,23470,60,23490,23655,23255,23620,,23414,156375,18306476450,77473,,24835,22020,81154,23430,23720,5.0,0,5.0,500,0,0,0
2024-05-13 13:50:28.000000,23495,20,23490,9,23500,40,23485,23,23505,46,23480,29,23510,25,23475,42,23515,43,23470,60,23495,23655,23255,23620,,23414,156380,18307063825,77473,,24835,22020,81154,23430,23720,5.0,0,5.0,500,0,0,0
2024-05-13 13:50:28.500000,23495,15,23490,13,23500,40,23485,23,23505,46,23480,29,23510,25,23475,42,23515,43,23470,60,23495,23655,23255,23620,,23414,156385,18307651200,77473,,24835,22020,81154,23430,23720,5.0,0,5.0,500,0,0,0
2024-05-13 13:50:29.000000,23500,40,23490,9,23505,46,23485,23,23510,25,23480,29,23515,43,23475,42,23520,66,23470,60,23495,23655,23255,23620,,23414,156389,18308121100,77471,,24835,22020,81154,23430,23720,5.0,0,5.0,500,0,0,0
2024-05-13 13:50:29.500000,23495,21,23490,22,23500,41,23485,24,23505,46,23480,29,23510,24,23475,42,23515,43,23470,60,23495,23655,23255,23620,,23414,156389,18308121100,77471,,24835,22020,81154,23430,23720,5.0,0,5.0,500,0,0,0
2024-05-13 13:50:30.000000,23495,18,23490,17,23500,42,23485,24,23505,46,23480,29,23510,24,23475,42,23515,43,23470,60,23495,23655,23255,23620,,23414,156389,18308121100,77471,,24835,22020,81154,23430,23720,5.0,0,5.0,500,0,0,0
2024-05-13 13:50:30.500000,23495,18,23490,10,23500,42,23485,24,23505,46,23480,29,23510,24,23475,42,23515,43,23470,60,23495,23655,23255,23620,,23414,156389,18308121100,77471,,24835,22020,81154,23430,23720,5.0,0,5.0,500,0,0,0
2024-05-13 13:50:31.000000,23495,18,23490,9,23500,42,23485,24,23505,46,23480,29,23510,24,23475,42,23515,43,23470,60,23495,23655,23255,23620,,23414,156389,18308121100,77471,,24835,22020,81154,23430,23720,5.0,0,5.0,500,0,0,0
2024-05-13 13:50:31.500000,23495,18,23485,23,23500,42,23480,29,23505,46,23475,42,23510,24,23470,60,23515,43,23465,33,23485,23655,23255,23620,,23414,156399,18309295575,77470,,24835,22020,81154,23430,23720,5.0,0,5.0,500,0,0,0
2024-05-13 13:50:32.000000,23495,21,23490,2,23500,42,23485,36,23505,46,23480,29,23510,24,23475,42,23515,43,23470,60,23485,23655,23255,23620,,23414,156409,18310469825,77470,,24835,22020,81154,23430,23720,5.0,0,5.0,500,0,0,0
2024-05-13 13:50:32.500000,23490,4,23485,29,23495,22,23480,29,23500,42,23475,42,23505,46,23470,60,23510,24,23465,33,23485,23655,23255,23620,,23414,156427,18312583675,77459,,24835,22020,81154,23430,23720,5.0,0,5.0,500,0,0,0
2024-05-13 13:50:33.000000,23490,2,23485,30,23495,26,23480,29,23500,41,23475,42,23505,46,23470,60,23510,25,23465,33,23490,23655,23255,23620,,23414,156434,18313405825,77461,,24835,22020,81154,23430,23720,5.0,0,5.0,500,0,0,0
2024-05-13 13:50:33.500000,23495,28,23490,2,23500,41,23485,30,23505,46,23480,29,23510,25,23475,42,23515,43,23470,60,23490,23655,23255,23620,,23414,156438,18313875625,77463,,24835,22020,81154,23430,23720,5.0,0,5.0,500,0,0,0
2024-05-13 13:50:34.000000,23495,25,23490,9,23500,41,23485,35,23505,46,23480,29,23510,25,23475,42,23515,43,23470,60,23490,23655,23255,23620,,23414,156438,18313875625,77463,,24835,22020,81154,23430,23720,5.0,0,5.0,500,0,0,0
2024-05-13 13:50:34.500000,23495,23,23490,11,23500,41,23485,35,23505,46,23480,29,23510,25,23475,42,23515,43,23470,60,23490,23655,23255,23620,,23414,156439,18313993075,77463,,24835,22020,81154,23430,23720,5.0,0,5.0,500,0,0,0
2024-05-13 13:50:35.000000,23495,20,23490,11,23500,41,23485,35,23505,46,23480,29,23510,25,23475,42,23515,43,23470,60,23490,23655,23255,23620,,23414,156439,18313993075,77463,,24835,22020,81154,23430,23720,5.0,0,5.0,500,0,0,0
2024-05-13 13:50:35.500000,23495,17,23490,11,23500,41,23485,35,23505,46,23480,29,23510,25,23475,42,23515,43,23470,60,23495,23655,23255,23620,,23414,156442,18314345500,77463,,24835,22020,81154,23430,23720,5.0,0,5.0,500,0,0,0
2024-05-13 13:50:36.500000,23495,17,23490,11,23500,42,23485,35,23505,45,23480,29,23510,25,23475,42,23515,43,23470,60,23495,23655,23255,23620,,23414,156442,18314345500,77463,,24835,22020,81154,23430,23720,5.0,0,5.0,500,0,0,0
2024-05-13 13:50:37.000000,23495,17,23490,11,23500,42,23485,35,23505,45,23480,27,23510,25,23475,42,23515,43,23470,60,23495,23655,23255,23620,,23414,156442,18314345500,77463,,24835,22020,81154,23430,23720,5.0,0,5.0,500,0,0,0
2024-05-13 13:50:38.500000,23495,18,23490,11,23500,42,23485,35,23505,44,23480,27,23510,25,23475,42,23515,43,23470,60,23495,23655,23255,23620,,23414,156442,18314345500,77463,,24835,22020,81154,23430,23720,5.0,0,5.0,500,0,0,0
2024-05-13 13:50:39.500000,23495,17,23490,11,23500,42,23485,35,23505,44,23480,27,23510,25,23475,42,23515,43,23470,60,23495,23655,23255,23620,,23414,156442,18314345500,77463,,24835,22020,81154,23430,23720,5.0,0,5.0,500,0,0,0
2024-05-13 13:50:40.000000,23495,16,23490,15,23500,42,23485,35,23505,44,23480,27,23510,25,23475,42,23515,43,23470,60,23495,23655,23255,23620,,23414,156442,18314345500,77463,,24835,22020,81154,23430,23720,5.0,0,5.0,500,0,0,0
2024-05-13 13:50:40.500000,23495,9,23490,16,23500,42,23485,36,23505,44,23480,27,23510,25,23475,42,23515,43,23470,60,23495,23655,23255,23620,,23414,156442,18314345500,77463,,24835,22020,81154,23430,23720,5.0,0,5.0,500,0,0,0
2024-05-13 13:50:41.000000,23495,7,23490,16,23500,42,23485,36,23505,44,23480,27,23510,25,23475,42,23515,43,23470,60,23495,23655,23255,23620,,23414,156444,18314580450,77463,,24835,22020,81154,23430,23720,5.0,0,5.0,500,0,0,0
2024-05-13 13:50:41.500000,23495,10,23490,16,23500,42,23485,36,23505,44,23480,27,23510,25,23475,42,23515,43,23470,60,23495,23655,23255,23620,,23414,156444,18314580450,77463,,24835,22020,81154,23430,23720,5.0,0,5.0,500,0,0,0
2024-05-13 13:50:42.000000,23495,15,23490,13,23500,42,23485,36,23505,44,23480,27,23510,25,23475,42,23515,43,23470,60,23495,23655,23255,23620,,23414,156444,18314580450,77463,,24835,22020,81154,23430,23720,5.0,0,5.0,500,0,0,0
2024-05-13 13:50:42.500000,23495,17,23490,13,23500,42,23485,36,23505,44,23480,27,23510,25,23475,42,23515,43,23470,60,23495,23655,23255,23620,,23414,156444,18314580450,77463,,24835,22020,81154,23430,23720,5.0,0,5.0,500,0,0,0
2024-05-13 13:50:43.000000,23495,18,23490,13,23500,42,23485,36,23505,44,23480,27,23510,25,23475,42,23515,44,23470,60,23495,23655,23255,23620,,23414,156444,18314580450,77463,,24835,22020,81154,23430,23720,5.0,0,5.0,500,0,0,0
2024-05-13 13:50:43.500000,23495,31,23490,12,23500,42,23485,36,23505,44,23480,27,23510,25,23475,42,23515,44,23470,60,23490,23655,23255,23620,,23414,156445,18314697900,77463,,24835,22020,81154,23430,23720,5.0,0,5.0,500,0,0,0
2024-05-13 13:50:44.000000,23490,9,23485,23,23495,34,23480,27,23500,42,23475,42,23505,44,23470,60,23510,25,23465,33,23490,23655,23255,23620,,23414,156455,18315872400,77460,,24835,22020,81154,23430,23720,5.0,0,5.0,500,0,0,0
2024-05-13 13:50:44.500000,23490,14,23485,18,23495,38,23480,27,23500,42,23475,42,23505,44,23470,60,23510,25,23465,33,23485,23655,23255,23620,,23414,156456,18315989825,77459,,24835,22020,81154,23430,23720,5.0,0,5.0,500,0,0,0
2024-05-13 13:50:45.000000,23490,20,23485,6,23495,38,23480,27,23500,42,23475,42,23505,44,23470,60,23510,25,23465,33,23485,23655,23255,23620,,23414,156456,18315989825,77459,,24835,22020,81154,23430,23720,5.0,0,5.0,500,0,0,0
2024-05-13 13:50:45.500000,23490,33,23485,1,23495,40,23480,27,23500,42,23475,43,23505,44,23470,60,23510,25,23465,33,23485,23655,23255,23620,,23414,156462,18316694375,77465,,24835,22020,81154,23430,23720,5.0,0,5.0,500,0,0,0
2024-05-13 13:50:46.000000,23485,24,23480,27,23490,31,23475,43,23495,40,23470,60,23500,42,23465,33,23505,45,23460,51,23485,23655,23255,23620,,23414,156463,18316811800,77465,,24835,22020,81154,23430,23720,5.0,0,5.0,500,0,0,0
2024-05-13 13:50:46.500000,23485,25,23480,26,23490,35,23475,42,23495,44,23470,54,23500,42,23465,33,23505,45,23460,46,23485,23655,23255,23620,,23414,156463,18316811800,77465,,24835,22020,81154,23430,23720,5.0,0,5.0,500,0,0,0
2024-05-13 13:50:47.000000,23485,26,23480,20,23490,36,23475,42,23495,44,23470,54,23500,43,23465,33,23505,45,23460,46,23485,23655,23255,23620,,23414,156463,18316811800,77465,,24835,22020,81154,23430,23720,5.0,0,5.0,500,0,0,0
2024-05-13 13:50:48.000000,23485,26,23480,17,23490,36,23475,42,23495,44,23470,54,23500,43,23465,33,23505,45,23460,46,23485,23655,23255,23620,,23414,156463,18316811800,77465,,24835,22020,81154,23430,23720,5.0,0,5.0,500,0,0,0
2024-05-13 13:50:48.500000,23485,40,23480,14,23490,36,23475,43,23495,44,23470,54,23500,43,23465,33,23505,45,23460,46,23480,23655,23255,23620,,23414,156466,18317164000,77466,,24835,22020,81154,23430,23720,5.0,0,5.0,500,0,0,0
2024-05-13 13:50:49.000000,23480,13,23475,43,23485,40,23470,54,23490,36,23465,33,23495,44,23460,46,23500,43,23455,45,23480,23655,23255,23620,,23414,156480,18318807600,77469,,24835,22020,81154,23430,23720,5.0,0,5.0,500,0,0,0
2024-05-13 13:50:49.500000,23480,16,23475,43,23485,39,23470,55,23490,39,23465,33,23495,44,23460,46,23500,43,23455,45,23475,23655,23255,23620,,23414,156482,18319042350,77469,,24835,22020,81154,23430,23720,5.0,0,5.0,500,0,0,0
2024-05-13 13:50:50.000000,23480,17,23475,22,23485,39,23470,55,23490,39,23465,33,23495,44,23460,46,23500,43,23455,45,23475,23655,23255,23620,,23414,156484,18319277100,77470,,24835,22020,81154,23430,23720,5.0,0,5.0,500,0,0,0
2024-05-13 13:50:50.500000,23480,34,23475,16,23485,39,23470,41,23490,39,23465,33,23495,44,23460,47,23500,44,23455,45,23475,23655,23255,23620,,23414,156484,18319277100,77470,,24835,22020,81154,23430,23720,5.0,0,5.0,500,0,0,0
2024-05-13 13:50:51.000000,23480,34,23475,10,23485,39,23470,41,23490,39,23465,34,23495,44,23460,47,23500,44,23455,45,23475,23655,23255,23620,,23414,156488,18319746600,77468,,24835,22020,81154,23430,23720,5.0,0,5.0,500,0,0,0
2024-05-13 13:50:51.500000,23480,34,23475,8,23485,39,23470,40,23490,39,23465,32,23495,44,23460,47,23500,44,23455,45,23475,23655,23255,23620,,23414,156490,18319981350,77468,,24835,22020,81154,23430,23720,5.0,0,5.0,500,0,0,0
2024-05-13 13:50:52.000000,23480,33,23475,8,23485,39,23470,39,23490,39,23465,32,23495,44,23460,47,23500,44,23455,45,23480,23655,23255,23620,,23414,156491,18320098750,77468,,24835,22020,81154,23430,23720,5.0,0,5.0,500,0,0,0
2024-05-13 13:50:52.500000,23480,33,23475,13,23485,39,23470,39,23490,39,23465,32,23495,45,23460,47,23500,44,23455,45,23475,23655,23255,23620,,23414,156492,18320216125,77469,,24835,22020,81154,23430,23720,5.0,0,5.0,500,0,0,0
2024-05-13 13:50:53.000000,23480,21,23475,14,23485,39,23470,39,23490,39,23465,32,23495,45,23460,47,23500,44,23455,45,23475,23655,23255,23620,,23414,156492,18320216125,77469,,24835,22020,81154,23430,23720,5.0,0,5.0,500,0,0,0
2024-05-13 13:50:53.500000,23480,17,23475,15,23485,39,23470,39,23490,39,23465,32,23495,45,23460,47,23500,44,23455,45,23475,23655,23255,23620,,23414,156492,18320216125,77469,,24835,22020,81154,23430,23720,5.0,0,5.0,500,0,0,0
2024-05-13 13:50:54.000000,23480,13,23475,19,23485,39,23470,39,23490,39,23465,32,23495,43,23460,47,23500,44,23455,45,23475,23655,23255,23620,,23414,156493,18320333500,77469,,24835,22020,81154,23430,23720,5.0,0,5.0,500,0,0,0
2024-05-13 13:50:54.500000,23480,14,23475,19,23485,39,23470,39,23490,39,23465,32,23495,43,23460,47,23500,44,23455,45,23475,23655,23255,23620,,23414,156493,18320333500,77469,,24835,22020,81154,23430,23720,5.0,0,5.0,500,0,0,0
2024-05-13 13:50:55.000000,23480,1,23475,19,23485,39,23470,39,23490,39,23465,32,23495,43,23460,48,23500,44,23455,45,23480,23655,23255,23620,,23414,156506,18321859700,77475,,24835,22020,81154,23430,23720,5.0,0,5.0,500,0,0,0
2024-05-13 13:50:55.500000,23485,39,23480,7,23490,39,23475,22,23495,43,23470,39,23500,44,23465,32,23505,43,23460,48,23480,23655,23255,23620,,23414,156507,18321977100,77474,,24835,22020,81154,23430,23720,5.0,0,5.0,500,0,0,0
2024-05-13 13:50:56.000000,23485,26,23480,4,23490,39,23475,24,23495,43,23470,40,23500,44,23465,32,23505,43,23460,48,23480,23655,23255,23620,,23414,156507,18321977100,77474,,24835,22020,81154,23430,23720,5.0,0,5.0,500,0,0,0
2024-05-13 13:50:56.500000,23490,39,23480,16,23495,43,23475,23,23500,47,23470,40,23505,43,23465,32,23510,27,23460,48,23485,23655,23255,23620,,23414,156533,18325030150,77466,,24835,22020,81154,23430,23720,5.0,0,5.0,500,0,0,0
2024-05-13 13:50:57.000000,23485,4,23480,18,23490,36,23475,24,23495,42,23470,40,23500,47,23465,31,23505,43,23460,48,23485,23655,23255,23620,,23414,156539,18325734700,77468,,24835,22020,81154,23430,23720,5.0,0,5.0,500,0,0,0
2024-05-13 13:50:57.500000,23485,10,23480,19,23490,39,23475,23,23495,42,23470,40,23500,47,23465,31,23505,43,23460,48,23485,23655,23255,23620,,23414,156539,18325734700,77468,,24835,22020,81154,23430,23720,5.0,0,5.0,500,0,0,0
2024-05-13 13:50:58.000000,23485,18,23480,19,23490,39,23475,24,23495,42,23470,40,23500,44,23465,31,23505,43,23460,48,23485,23655,23255,23620,,23414,156539,18325734700,77468,,24835,22020,81154,23430,23720,5.0,0,5.0,500,0,0,0
2024-05-13 13:50:58.500000,23485,19,23480,19,23490,39,23475,24,23495,42,23470,40,23500,44,23465,31,23505,43,23460,48,23485,23655,23255,23620,,23414,156539,18325734700,77468,,24835,22020,81154,23430,23720,5.0,0,5.0,500,0,0,0
2024-05-13 13:50:59.000000,23485,19,23480,20,23490,39,23475,24,23495,42,23470,40,23500,44,23465,31,23505,43,23460,48,23485,23655,23255,23620,,23414,156539,18325734700,77468,,24835,22020,81154,23430,23720,5.0,0,5.0,500,0,0,0
2024-05-13 13:50:59.500000,23485,20,23480,20,23490,39,23475,24,23495,42,23470,40,23500,44,23465,31,23505,43,23460,48,23485,23655,23255,23620,,23414,156539,18325734700,77468,,24835,22020,81154,23430,23720,5.0,0,5.0,500,0,0,0
2024-05-13 13:51:00.000000,23485,40,23480,20,23490,39,23475,24,23495,42,23470,40,23500,44,23465,31,23505,43,23460,48,23485,23655,23255,23620,,23414,156539,18325734700,77468,,24835,22020,81154,23430,23720,5.0,0,5.0,500,0,0,0
2024-05-13 13:51:00.500000,23485,40,23480,11,23490,39,23475,24,23495,42,23470,40,23500,44,23465,31,23505,43,23460,48,23485,23655,23255,23620,,23414,156539,18325734700,77468,,24835,22020,81154,23430,23720,5.0,0,5.0,500,0,0,0
2024-05-13 13:51:01.000000,23485,41,23480,10,23490,39,23475,24,23495,42,23470,40,23500,44,23465,31,23505,43,23460,48,23485,23655,23255,23620,,23414,156539,18325734700,77468,,24835,22020,81154,23430,23720,5.0,0,5.0,500,0,0,0
2024-05-13 13:51:01.500000,23485,42,23480,10,23490,39,23475,24,23495,42,23470,40,23500,44,23465,31,23505,43,23460,48,23485,23655,23255,23620,,23414,156539,18325734700,77468,,24835,22020,81154,23430,23720,5.0,0,5.0,500,0,0,0
2024-05-13 13:51:02.000000,23485,42,23480,11,23490,39,23475,24,23495,42,23470,40,23500,44,23465,31,23505,43,23460,48,23485,23655,23255,23620,,23414,156539,18325734700,77468,,24835,22020,81154,23430,23720,5.0,0,5.0,500,0,0,0
2024-05-13 13:51:02.500000,23485,42,23480,11,23490,39,23475,22,23495,42,23470,40,23500,44,23465,31,23505,43,23460,48,23485,23655,23255,23620,,23414,156539,18325734700,77468,,24835,22020,81154,23430,23720,5.0,0,5.0,500,0,0,0
2024-05-13 13:51:03.000000,23485,41,23480,11,23490,39,23475,22,23495,42,23470,40,23500,44,23465,31,23505,43,23460,48,23485,23655,23255,23620,,23414,156540,18325852125,77467,,24835,22020,81154,23430,23720,5.0,0,5.0,500,0,0,0
2024-05-13 13:51:03.500000,23485,40,23480,11,23490,39,23475,22,23495,42,23470,40,23500,44,23465,31,23505,43,23460,48,23480,23655,23255,23620,,23414,156541,18325969525,77467,,24835,22020,81154,23430,23720,5.0,0,5.0,500,0,0,0
2024-05-13 13:51:04.000000,23485,37,23480,24,23490,39,23475,22,23495,42,23470,40,23500,44,23465,31,23505,43,23460,48,23485,23655,23255,23620,,23414,156545,18326439200,77464,,24835,22020,81154,23430,23720,5.0,0,5.0,500,0,0,0
2024-05-13 13:51:04.500000,23490,26,23480,27,23495,42,23475,22,23500,44,23470,40,23505,43,23465,31,23510,26,23460,48,23485,23655,23255,23620,,23414,156576,18330079375,77482,,24835,22020,81154,23430,23720,5.0,0,5.0,500,0,0,0
2024-05-13 13:51:05.000000,23490,17,23485,18,23495,42,23480,27,23500,44,23475,24,23505,43,23470,40,23510,26,23465,31,23485,23655,23255,23620,,23414,156576,18330079375,77482,,24835,22020,81154,23430,23720,5.0,0,5.0,500,0,0,0
2024-05-13 13:51:05.500000,23490,16,23485,21,23495,42,23480,27,23500,44,23475,24,23505,43,23470,40,23510,26,23465,31,23485,23655,23255,23620,,23414,156576,18330079375,77482,,24835,22020,81154,23430,23720,5.0,0,5.0,500,0,0,0
2024-05-13 13:51:06.000000,23490,19,23485,21,23495,42,23480,27,23500,44,23475,24,23505,43,23470,40,23510,26,23465,31,23485,23655,23255,23620,,23414,156577,18330196800,77482,,24835,22020,81154,23430,23720,5.0,0,5.0,500,0,0,0
2024-05-13 13:51:06.500000,23490,19,23485,12,23495,42,23480,27,23500,44,23475,24,23505,43,23470,40,23510,26,23465,31,23485,23655,23255,23620,,23414,156577,18330196800,77482,,24835,22020,81154,23430,23720,5.0,0,5.0,500,0,0,0
2024-05-13 13:51:07.000000,23490,20,23485,8,23495,42,23480,27,23500,44,23475,24,23505,43,23470,40,23510,26,23465,31,23485,23655,23255,23620,,23414,156578,18330314225,77483,,24835,22020,81154,23430,23720,5.0,0,5.0,500,0,0,0
2024-05-13 13:51:07.500000,23485,7,23480,27,23490,33,23475,24,23495,42,23470,40,23500,44,23465,31,23505,43,23460,48,23485,23655,23255,23620,,23414,156586,18331253625,77480,,24835,22020,81154,23430,23720,5.0,0,5.0,500,0,0,0
2024-05-13 13:51:08.000000,23485,10,23480,26,23490,37,23475,23,23495,42,23470,40,23500,44,23465,31,23505,43,23460,48,23485,23655,23255,23620,,23414,156586,18331253625,77480,,24835,22020,81154,23430,23720,5.0,0,5.0,500,0,0,0
2024-05-13 13:51:09.000000,23485,15,23480,23,23490,37,23475,23,23495,42,23470,40,23500,44,23465,31,23505,43,23460,48,23485,23655,23255,23620,,23414,156586,18331253625,77480,,24835,22020,81154,23430,23720,5.0,0,5.0,500,0,0,0
2024-05-13 13:51:09.500000,23485,16,23480,23,23490,37,23475,23,23495,42,23470,40,23500,44,23465,31,23505,43,23460,48,23485,23655,23255,23620,,23414,156586,18331253625,77480,,24835,22020,81154,23430,23720,5.0,0,5.0,500,0,0,0
2024-05-13 13:51:10.000000,23485,19,23480,24,23490,37,23475,23,23495,42,23470,40,23500,44,23465,31,23505,43,23460,48,23485,23655,23255,23620,,23414,156586,18331253625,77480,,24835,22020,81154,23430,23720,5.0,0,5.0,500,0,0,0
2024-05-13 13:51:10.500000,23485,19,23480,23,23490,37,23475,23,23495,42,23470,40,23500,44,23465,31,23505,43,23460,48,23480,23655,23255,23620,,23414,156587,18331371025,77480,,24835,22020,81154,23430,23720,5.0,0,5.0,500,0,0,0
2024-05-13 13:51:13.000000,23485,18,23480,18,23490,37,23475,23,23495,42,23470,40,23500,44,23465,31,23505,43,23460,48,23480,23655,23255,23620,,23414,156593,18332075450,77482,,24835,22020,81154,23430,23720,5.0,0,5.0,500,0,0,0
2024-05-13 13:51:13.500000,23485,18,23480,19,23490,37,23475,23,23495,42,23470,41,23500,44,23465,31,23505,43,23460,48,23480,23655,23255,23620,,23414,156593,18332075450,77482,,24835,22020,81154,23430,23720,5.0,0,5.0,500,0,0,0
2024-05-13 13:51:14.500000,23485,18,23480,19,23490,37,23475,23,23495,42,23470,41,23500,45,23465,31,23505,43,23460,48,23480,23655,23255,23620,,23414,156593,18332075450,77482,,24835,22020,81154,23430,23720,5.0,0,5.0,500,0,0,0
2024-05-13 13:51:15.000000,23485,18,23480,16,23490,37,23475,23,23495,42,23470,41,23500,46,23465,31,23505,43,23460,48,23480,23655,23255,23620,,23414,156597,18332545050,77479,,24835,22020,81154,23430,23720,5.0,0,5.0,500,0,0,0
2024-05-13 13:51:15.500000,23485,33,23480,17,23490,37,23475,23,23495,42,23470,41,23500,46,23465,31,23505,43,23460,48,23480,23655,23255,23620,,23414,156597,18332545050,77479,,24835,22020,81154,23430,23720,5.0,0,5.0,500,0,0,0
2024-05-13 13:51:16.000000,23485,33,23480,17,23490,37,23475,23,23495,42,23470,40,23500,46,23465,31,23505,43,23460,49,23480,23655,23255,23620,,23414,156597,18332545050,77479,,24835,22020,81154,23430,23720,5.0,0,5.0,500,0,0,0
2024-05-13 13:51:16.500000,23485,33,23480,3,23490,37,23475,23,23495,42,23470,40,23500,46,23465,31,23505,43,23460,49,23480,23655,23255,23620,,23414,156611,18334188650,77467,,24835,22020,81154,23430,23720,5.0,0,5.0,500,0,0,0
2024-05-13 13:51:17.000000,23480,49,23475,23,23485,33,23470,40,23490,37,23465,31,23495,42,23460,49,23500,46,23455,45,23480,23655,23255,23620,,23414,156614,18334540850,77468,,24835,22020,81154,23430,23720,5.0,0,5.0,500,0,0,0
2024-05-13 13:51:17.500000,23480,50,23475,16,23485,38,23470,40,23490,39,23465,31,23495,42,23460,49,23500,45,23455,45,23480,23655,23255,23620,,23414,156616,18334775625,77469,,24835,22020,81154,23430,23720,5.0,0,5.0,500,0,0,0
2024-05-13 13:51:18.000000,23480,51,23475,12,23485,38,23470,40,23490,39,23465,31,23495,42,23460,49,23500,45,23455,45,23475,23655,23255,23620,,23414,156617,18334893000,77469,,24835,22020,81154,23430,23720,5.0,0,5.0,500,0,0,0
2024-05-13 13:51:18.500000,23480,50,23475,12,23485,38,23470,40,23490,39,23465,31,23495,42,23460,49,23500,45,23455,45,23480,23655,23255,23620,,23414,156618,18335010400,77470,,24835,22020,81154,23430,23720,5.0,0,5.0,500,0,0,0
2024-05-13 13:51:19.000000,23480,47,23475,12,23485,39,23470,40,23490,39,23465,31,23495,42,23460,49,23500,55,23455,45,23480,23655,23255,23620,,23414,156618,18335010400,77470,,24835,22020,81154,23430,23720,5.0,0,5.0,500,0,0,0
2024-05-13 13:51:20.000000,23480,41,23475,13,23485,39,23470,40,23490,39,23465,31,23495,43,23460,49,23500,55,23455,45,23480,23655,23255,23620,,23414,156621,18335362600,77472,,24835,22020,81154,23430,23720,5.0,0,5.0,500,0,0,0
2024-05-13 13:51:20.500000,23480,38,23475,21,23485,39,23470,40,23490,39,23465,31,23495,43,23460,49,23500,55,23455,45,23480,23655,23255,23620,,23414,156621,18335362600,77472,,24835,22020,81154,23430,23720,5.0,0,5.0,500,0,0,0
2024-05-13 13:51:21.000000,23480,38,23475,23,23485,39,23470,40,23490,39,23465,31,23495,43,23460,49,23500,55,23455,45,23480,23655,23255,23620,,23414,156621,18335362600,77472,,24835,22020,81154,23430,23720,5.0,0,5.0,500,0,0,0
2024-05-13 13:51:21.500000,23480,32,23475,15,23485,39,23470,40,23490,39,23465,31,23495,43,23460,49,23500,55,23455,45,23480,23655,23255,23620,,23414,156627,18336067000,77474,,24835,22020,81154,23430,23720,5.0,0,5.0,500,0,0,0
2024-05-13 13:51:22.000000,23480,29,23475,15,23485,39,23470,40,23490,39,23465,31,23495,43,23460,49,23500,55,23455,45,23480,23655,23255,23620,,23414,156627,18336067000,77474,,24835,22020,81154,23430,23720,5.0,0,5.0,500,0,0,0
2024-05-13 13:51:22.500000,23480,28,23475,18,23485,39,23470,40,23490,39,23465,31,23495,43,23460,49,23500,55,23455,45,23480,23655,23255,23620,,23414,156627,18336067000,77474,,24835,22020,81154,23430,23720,5.0,0,5.0,500,0,0,0
2024-05-13 13:51:23.000000,23480,23,23475,18,23485,39,23470,40,23490,39,23465,31,23495,43,23460,49,23500,55,23455,45,23480,23655,23255,23620,,23414,156627,18336067000,77474,,24835,22020,81154,23430,23720,5.0,0,5.0,500,0,0,0
2024-05-13 13:51:23.500000,23480,18,23475,19,23485,39,23470,40,23490,39,23465,31,23495,43,23460,49,23500,55,23455,45,23480,23655,23255,23620,,23414,156627,18336067000,77474,,24835,22020,81154,23430,23720,5.0,0,5.0,500,0,0,0
2024-05-13 13:51:24.000000,23480,19,23475,19,23485,39,23470,40,23490,39,23465,31,23495,43,23460,49,23500,55,23455,45,23480,23655,23255,23620,,23414,156627,18336067000,77474,,24835,22020,81154,23430,23720,5.0,0,5.0,500,0,0,0
2024-05-13 13:51:25.000000,23480,19,23475,19,23485,39,23470,40,23490,39,23465,31,23495,43,23460,49,23500,55,23455,45,23475,23655,23255,23620,,23414,156628,18336184375,77473,,24835,22020,81154,23430,23720,5.0,0,5.0,500,0,0,0
2024-05-13 13:51:25.500000,23480,20,23475,20,23485,39,23470,40,23490,39,23465,31,23495,43,23460,49,23500,55,23455,45,23480,23655,23255,23620,,23414,156630,18336419175,77475,,24835,22020,81154,23430,23720,5.0,0,5.0,500,0,0,0
2024-05-13 13:51:26.000000,23480,22,23475,20,23485,39,23470,40,23490,39,23465,31,23495,43,23460,49,23500,55,23455,45,23480,23655,23255,23620,,23414,156630,18336419175,77475,,24835,22020,81154,23430,23720,5.0,0,5.0,500,0,0,0
2024-05-13 13:51:26.500000,23480,20,23475,20,23485,39,23470,40,23490,39,23465,31,23495,43,23460,49,23500,55,23455,45,23480,23655,23255,23620,,23414,156630,18336419175,77475,,24835,22020,81154,23430,23720,5.0,0,5.0,500,0,0,0
2024-05-13 13:51:27.000000,23480,20,23475,20,23485,39,23470,41,23490,39,23465,31,23495,43,23460,49,23500,55,23455,45,23480,23655,23255,23620,,23414,156630,18336419175,77475,,24835,22020,81154,23430,23720,5.0,0,5.0,500,0,0,0
2024-05-13 13:51:28.000000,23480,20,23475,20,23485,39,23470,41,23490,39,23465,32,23495,43,23460,49,23500,55,23455,45,23480,23655,23255,23620,,23414,156630,18336419175,77475,,24835,22020,81154,23430,23720,5.0,0,5.0,500,0,0,0
2024-05-13 13:51:28.500000,23480,20,23475,21,23485,40,23470,41,23490,39,23465,32,23495,43,23460,49,23500,55,23455,45,23480,23655,23255,23620,,23414,156630,18336419175,77475,,24835,22020,81154,23430,23720,5.0,0,5.0,500,0,0,0
2024-05-13 13:51:29.000000,23480,20,23475,21,23485,40,23470,40,23490,39,23465,32,23495,43,23460,49,23500,55,23455,45,23480,23655,23255,23620,,23414,156630,18336419175,77475,,24835,22020,81154,23430,23720,5.0,0,5.0,500,0,0,0
2024-05-13 13:51:31.000000,23480,19,23475,21,23485,40,23470,40,23490,39,23465,32,23495,43,23460,49,23500,55,23455,45,23480,23655,23255,23620,,23414,156631,18336536575,77475,,24835,22020,81154,23430,23720,5.0,0,5.0,500,0,0,0
2024-05-13 13:51:32.000000,23480,19,23475,33,23485,40,23470,40,23490,39,23465,32,23495,43,23460,49,23500,55,23455,45,23480,23655,23255,23620,,23414,156631,18336536575,77475,,24835,22020,81154,23430,23720,5.0,0,5.0,500,0,0,0
2024-05-13 13:51:32.500000,23485,40,23475,33,23490,39,23470,40,23495,43,23465,32,23500,55,23460,49,23505,42,23455,45,23480,23655,23255,23620,,23414,156650,18338767175,77467,,24835,22020,81154,23430,23720,5.0,0,5.0,500,0,0,0
2024-05-13 13:51:33.000000,23480,1,23475,34,23485,46,23470,40,23490,39,23465,32,23495,43,23460,49,23500,53,23455,45,23480,23655,23255,23620,,23414,156651,18338884575,77468,,24835,22020,81154,23430,23720,5.0,0,5.0,500,0,0,0
2024-05-13 13:51:33.500000,23480,7,23475,37,23485,37,23470,40,23490,39,23465,33,23495,43,23460,49,23500,53,23455,45,23480,23655,23255,23620,,23414,156653,18339119375,77470,,24835,22020,81154,23430,23720,5.0,0,5.0,500,0,0,0
2024-05-13 13:51:34.000000,23480,1,23475,38,23485,40,23470,39,23490,39,23465,33,23495,43,23460,49,23500,53,23455,45,23480,23655,23255,23620,,23414,156654,18339236775,77470,,24835,22020,81154,23430,23720,5.0,0,5.0,500,0,0,0
2024-05-13 13:51:34.500000,23485,40,23475,37,23490,39,23470,39,23495,43,23465,34,23500,53,23460,49,23505,42,23455,45,23480,23655,23255,23620,,23414,156655,18339354175,77470,,24835,22020,81154,23430,23720,5.0,0,5.0,500,0,0,0
2024-05-13 13:51:35.000000,23480,5,23475,38,23485,36,23470,39,23490,39,23465,34,23495,43,23460,49,23500,53,23455,45,23480,23655,23255,23620,,23414,156655,18339354175,77470,,24835,22020,81154,23430,23720,5.0,0,5.0,500,0,0,0
2024-05-13 13:51:35.500000,23480,5,23475,41,23485,38,23470,39,23490,39,23465,34,23495,43,23460,49,23500,53,23455,45,23480,23655,23255,23620,,23414,156655,18339354175,77470,,24835,22020,81154,23430,23720,5.0,0,5.0,500,0,0,0
2024-05-13 13:51:36.000000,23485,38,23480,1,23490,39,23475,41,23495,43,23470,39,23500,53,23465,34,23505,42,23460,49,23480,23655,23255,23620,,23414,156655,18339354175,77470,,24835,22020,81154,23430,23720,5.0,0,5.0,500,0,0,0
2024-05-13 13:51:36.500000,23485,35,23475,42,23490,39,23470,39,23495,43,23465,34,23500,53,23460,49,23505,42,23455,45,23480,23655,23255,23620,,23414,156656,18339471575,77470,,24835,22020,81154,23430,23720,5.0,0,5.0,500,0,0,0
2024-05-13 13:51:37.000000,23485,35,23480,5,23490,39,23475,41,23495,43,23470,39,23500,53,23465,34,23505,42,23460,49,23480,23655,23255,23620,,23414,156656,18339471575,77470,,24835,22020,81154,23430,23720,5.0,0,5.0,500,0,0,0
2024-05-13 13:51:37.500000,23485,35,23480,4,23490,39,23475,42,23495,43,23470,39,23500,53,23465,34,23505,42,23460,49,23480,23655,23255,23620,,23414,156656,18339471575,77470,,24835,22020,81154,23430,23720,5.0,0,5.0,500,0,0,0
2024-05-13 13:51:38.500000,23485,33,23480,1,23490,39,23475,42,23495,43,23470,39,23500,53,23465,34,23505,42,23460,49,23485,23655,23255,23620,,23414,156661,18340058625,77467,,24835,22020,81154,23430,23720,5.0,0,5.0,500,0,0,0
2024-05-13 13:51:39.500000,23485,33,23480,1,23490,39,23475,40,23495,43,23470,39,23500,53,23465,34,23505,42,23460,49,23485,23655,23255,23620,,23414,156661,18340058625,77467,,24835,22020,81154,23430,23720,5.0,0,5.0,500,0,0,0
2024-05-13 13:51:40.000000,23485,33,23475,40,23490,39,23470,39,23495,43,23465,34,23500,53,23460,49,23505,42,23455,45,23480,23655,23255,23620,,23414,156662,18340176025,77466,,24835,22020,81154,23430,23720,5.0,0,5.0,500,0,0,0
2024-05-13 13:51:40.500000,23485,33,23475,39,23490,39,23470,39,23495,43,23465,34,23500,53,23460,49,23505,42,23455,45,23480,23655,23255,23620,,23414,156662,18340176025,77466,,24835,22020,81154,23430,23720,5.0,0,5.0,500,0,0,0
2024-05-13 13:51:41.000000,23485,33,23480,1,23490,39,23475,39,23495,43,23470,39,23500,53,23465,34,23505,42,23460,49,23480,23655,23255,23620,,23414,156662,18340176025,77466,,24835,22020,81154,23430,23720,5.0,0,5.0,500,0,0,0
2024-05-13 13:51:41.500000,23485,34,23475,39,23490,39,23470,39,23495,43,23465,34,23500,53,23460,49,23505,42,23455,45,23480,23655,23255,23620,,23414,156664,18340410825,77468,,24835,22020,81154,23430,23720,5.0,0,5.0,500,0,0,0
2024-05-13 13:51:42.000000,23480,6,23475,39,23485,34,23470,39,23490,39,23465,34,23495,43,23460,49,23500,53,23455,45,23480,23655,23255,23620,,23414,156664,18340410825,77468,,24835,22020,81154,23430,23720,5.0,0,5.0,500,0,0,0
2024-05-13 13:51:42.500000,23480,6,23475,38,23485,37,23470,39,23490,39,23465,34,23495,43,23460,49,23500,53,23455,45,23480,23655,23255,23620,,23414,156664,18340410825,77468,,24835,22020,81154,23430,23720,5.0,0,5.0,500,0,0,0
2024-05-13 13:51:43.500000,23480,12,23475,38,23485,37,23470,39,23490,39,23465,34,23495,43,23460,49,23500,53,23455,45,23480,23655,23255,23620,,23414,156664,18340410825,77468,,24835,22020,81154,23430,23720,5.0,0,5.0,500,0,0,0
2024-05-13 13:51:44.000000,23480,18,23475,35,23485,37,23470,39,23490,39,23465,34,23495,43,23460,49,23500,53,23455,45,23480,23655,23255,23620,,23414,156664,18340410825,77468,,24835,22020,81154,23430,23720,5.0,0,5.0,500,0,0,0
2024-05-13 13:51:44.500000,23480,18,23475,32,23485,38,23470,39,23490,39,23465,34,23495,43,23460,49,23500,52,23455,45,23480,23655,23255,23620,,23414,156665,18340528225,77467,,24835,22020,81154,23430,23720,5.0,0,5.0,500,0,0,0
2024-05-13 13:51:45.000000,23480,21,23475,32,23485,38,23470,39,23490,39,23465,34,23495,42,23460,49,23500,52,23455,45,23480,23655,23255,23620,,23414,156665,18340528225,77467,,24835,22020,81154,23430,23720,5.0,0,5.0,500,0,0,0
2024-05-13 13:51:45.500000,23480,24,23475,31,23485,38,23470,39,23490,39,23465,34,23495,42,23460,49,23500,52,23455,45,23475,23655,23255,23620,,23414,156666,18340645600,77468,,24835,22020,81154,23430,23720,5.0,0,5.0,500,0,0,0
2024-05-13 13:51:46.000000,23480,24,23475,32,23485,38,23470,39,23490,39,23465,34,23495,42,23460,49,23500,52,23455,45,23480,23655,23255,23620,,23414,156667,18340763000,77467,,24835,22020,81154,23430,23720,5.0,0,5.0,500,0,0,0
2024-05-13 13:51:47.000000,23480,24,23475,32,23485,38,23470,34,23490,39,23465,34,23495,42,23460,49,23500,52,23455,45,23480,23655,23255,23620,,23414,156667,18340763000,77467,,24835,22020,81154,23430,23720,5.0,0,5.0,500,0,0,0
2024-05-13 13:51:48.500000,23480,24,23475,25,23485,38,23470,34,23490,39,23465,34,23495,42,23460,49,23500,52,23455,45,23475,23655,23255,23620,,23414,156673,18341467250,77461,,24835,22020,81154,23430,23720,5.0,0,5.0,500,0,0,0
2024-05-13 13:51:49.000000,23480,24,23475,25,23485,38,23470,34,23490,39,23465,34,23495,42,23460,49,23500,52,23455,49,23475,23655,23255,23620,,23414,156673,18341467250,77461,,24835,22020,81154,23430,23720,5.0,0,5.0,500,0,0,0
2024-05-13 13:51:50.500000,23480,24,23475,22,23485,38,23470,34,23490,39,23465,34,23495,42,23460,49,23500,52,23455,49,23475,23655,23255,23620,,23414,156673,18341467250,77461,,24835,22020,81154,23430,23720,5.0,0,5.0,500,0,0,0
2024-05-13 13:51:51.000000,23480,36,23475,22,23485,38,23470,34,23490,39,23465,34,23495,42,23460,49,23500,52,23455,49,23475,23655,23255,23620,,23414,156673,18341467250,77461,,24835,22020,81154,23430,23720,5.0,0,5.0,500,0,0,0
2024-05-13 13:51:51.500000,23475,12,23470,34,23480,36,23465,34,23485,38,23460,49,23490,39,23455,49,23495,42,23450,64,23475,23655,23255,23620,,23414,156694,18343932125,77453,,24835,22020,81154,23430,23720,5.0,0,5.0,500,0,0,0
2024-05-13 13:51:52.000000,23475,12,23470,32,23480,42,23465,34,23485,41,23460,47,23490,39,23455,49,23495,42,23450,46,23475,23655,23255,23620,,23414,156694,18343932125,77453,,24835,22020,81154,23430,23720,5.0,0,5.0,500,0,0,0
2024-05-13 13:51:52.500000,23475,20,23470,32,23480,43,23465,34,23485,41,23460,47,23490,39,23455,49,23495,42,23450,46,23475,23655,23255,23620,,23414,156694,18343932125,77453,,24835,22020,81154,23430,23720,5.0,0,5.0,500,0,0,0
2024-05-13 13:51:53.000000,23475,21,23470,25,23480,43,23465,33,23485,41,23460,47,23490,39,23455,49,23495,42,23450,46,23475,23655,23255,23620,,23414,156694,18343932125,77453,,24835,22020,81154,23430,23720,5.0,0,5.0,500,0,0,0
2024-05-13 13:51:53.500000,23475,36,23470,28,23480,41,23465,33,23485,41,23460,47,23490,39,23455,49,23495,42,23450,46,23475,23655,23255,23620,,23414,156694,18343932125,77453,,24835,22020,81154,23430,23720,5.0,0,5.0,500,0,0,0
2024-05-13 13:51:54.000000,23475,37,23470,22,23480,41,23465,33,23485,41,23460,47,23490,39,23455,49,23495,42,23450,46,23470,23655,23255,23620,,23414,156698,18344401525,77454,,24835,22020,81154,23430,23720,5.0,0,5.0,500,0,0,0
2024-05-13 13:51:54.500000,23475,37,23470,23,23480,41,23465,33,23485,41,23460,47,23490,39,23455,49,23495,42,23450,46,23470,23655,23255,23620,,23414,156698,18344401525,77454,,24835,22020,81154,23430,23720,5.0,0,5.0,500,0,0,0
2024-05-13 13:51:55.000000,23475,35,23470,23,23480,41,23465,33,23485,41,23460,47,23490,39,23455,49,23495,42,23450,46,23470,23655,23255,23620,,23414,156698,18344401525,77454,,24835,22020,81154,23430,23720,5.0,0,5.0,500,0,0,0
2024-05-13 13:51:55.500000,23475,35,23470,23,23480,41,23465,33,23485,42,23460,47,23490,39,23455,49,23495,42,23450,46,23470,23655,23255,23620,,23414,156698,18344401525,77454,,24835,22020,81154,23430,23720,5.0,0,5.0,500,0,0,0
2024-05-13 13:51:56.000000,23475,35,23470,21,23480,41,23465,33,23485,42,23460,47,23490,39,23455,49,23495,42,23450,46,23470,23655,23255,23620,,23414,156698,18344401525,77454,,24835,22020,81154,23430,23720,5.0,0,5.0,500,0,0,0
2024-05-13 13:51:57.500000,23475,35,23470,21,23480,41,23465,34,23485,42,23460,47,23490,39,23455,49,23495,42,23450,46,23470,23655,23255,23620,,23414,156698,18344401525,77454,,24835,22020,81154,23430,23720,5.0,0,5.0,500,0,0,0
2024-05-13 13:51:58.000000,23475,35,23470,20,23480,41,23465,34,23485,42,23460,47,23490,39,23455,49,23495,42,23450,46,23470,23655,23255,23620,,23414,156699,18344518875,77454,,24835,22020,81154,23430,23720,5.0,0,5.0,500,0,0,0
2024-05-13 13:51:58.500000,23475,35,23470,16,23480,41,23465,34,23485,42,23460,47,23490,39,23455,49,23495,42,23450,46,23470,23655,23255,23620,,23414,156700,18344636225,77455,,24835,22020,81154,23430,23720,5.0,0,5.0,500,0,0,0
2024-05-13 13:51:59.000000,23475,35,23470,16,23480,42,23465,34,23485,42,23460,47,23490,39,23455,49,23495,41,23450,46,23470,23655,23255,23620,,23414,156700,18344636225,77455,,24835,22020,81154,23430,23720,5.0,0,5.0,500,0,0,0
2024-05-13 13:51:59.500000,23475,36,23470,14,23480,42,23465,34,23485,42,23460,46,23490,39,23455,49,23495,41,23450,46,23470,23655,23255,23620,,23414,156702,18344870925,77455,,24835,22020,81154,23430,23720,5.0,0,5.0,500,0,0,0
2024-05-13 13:52:00.000000,23470,35,23465,34,23475,36,23460,46,23480,42,23455,49,23485,42,23450,46,23490,39,23445,16,23470,23655,23255,23620,,23414,156716,18346513825,77458,,24835,22020,81154,23430,23720,5.0,0,5.0,500,0,0,0
2024-05-13 13:52:00.500000,23470,43,23465,25,23475,40,23460,46,23480,41,23455,41,23485,43,23450,43,23490,38,23445,18,23470,23655,23255,23620,,23414,156718,18346748500,77458,,24835,22020,81154,23430,23720,5.0,0,5.0,500,0,0,0
2024-05-13 13:52:01.000000,23470,44,23465,26,23475,40,23460,45,23480,41,23455,41,23485,43,23450,44,23490,39,23445,18,23470,23655,23255,23620,,23414,156718,18346748500,77458,,24835,22020,81154,23430,23720,5.0,0,5.0,500,0,0,0
2024-05-13 13:52:02.000000,23470,41,23465,26,23475,40,23460,45,23480,41,23455,40,23485,43,23450,44,23490,39,23445,18,23470,23655,23255,23620,,23414,156721,18347100550,77458,,24835,22020,81154,23430,23720,5.0,0,5.0,500,0,0,0
2024-05-13 13:52:02.500000,23470,41,23465,24,23475,40,23460,45,23480,41,23455,40,23485,43,23450,44,23490,39,23445,18,23470,23655,23255,23620,,23414,156721,18347100550,77458,,24835,22020,81154,23430,23720,5.0,0,5.0,500,0,0,0
2024-05-13 13:52:03.000000,23470,40,23465,25,23475,40,23460,45,23480,41,23455,40,23485,43,23450,44,23490,39,23445,18,23465,23655,23255,23620,,23414,156723,18347335225,77457,,24835,22020,81154,23430,23720,5.0,0,5.0,500,0,0,0
2024-05-13 13:52:03.500000,23470,40,23465,9,23475,40,23460,45,23480,41,23455,40,23485,43,23450,44,23490,39,23445,18,23465,23655,23255,23620,,23414,156739,18349212425,77452,,24835,22020,81154,23430,23720,5.0,0,5.0,500,0,0,0
2024-05-13 13:52:04.000000,23470,43,23465,11,23475,40,23460,44,23480,41,23455,40,23485,43,23450,44,23490,39,23445,18,23465,23655,23255,23620,,23414,156741,18349447075,77453,,24835,22020,81154,23430,23720,5.0,0,5.0,500,0,0,0
2024-05-13 13:52:04.500000,23470,43,23465,12,23475,40,23460,27,23480,41,23455,40,23485,44,23450,45,23490,39,23445,18,23465,23655,23255,23620,,23414,156741,18349447075,77453,,24835,22020,81154,23430,23720,5.0,0,5.0,500,0,0,0
2024-05-13 13:52:05.000000,23470,44,23465,12,23475,40,23460,27,23480,41,23455,40,23485,44,23450,45,23490,39,23445,18,23465,23655,23255,23620,,23414,156741,18349447075,77453,,24835,22020,81154,23430,23720,5.0,0,5.0,500,0,0,0
2024-05-13 13:52:05.500000,23470,45,23465,8,23475,40,23460,27,23480,41,23455,40,23485,44,23450,45,23490,39,23445,18,23465,23655,23255,23620,,23414,156746,18350033700,77455,,24835,22020,81154,23430,23720,5.0,0,5.0,500,0,0,0
2024-05-13 13:52:06.000000,23465,7,23460,27,23470,44,23455,40,23475,40,23450,45,23480,41,23445,18,23485,44,23440,74,23465,23655,23255,23620,,23414,156755,18351089625,77459,,24835,22020,81154,23430,23720,5.0,0,5.0,500,0,0,0
2024-05-13 13:52:06.500000,23465,3,23460,26,23470,42,23455,41,23475,43,23450,45,23480,38,23445,18,23485,44,23440,70,23465,23655,23255,23620,,23414,156764,18352145550,77466,,24835,22020,81154,23430,23720,5.0,0,5.0,500,0,0,0
2024-05-13 13:52:07.000000,23470,42,23465,5,23475,43,23460,27,23480,38,23455,41,23485,44,23450,45,23490,38,23445,18,23465,23655,23255,23620,,23414,156768,18352614850,77463,,24835,22020,81154,23430,23720,5.0,0,5.0,500,0,0,0
2024-05-13 13:52:07.500000,23470,41,23465,4,23475,43,23460,31,23480,38,23455,41,23485,44,23450,45,23490,38,23445,18,23465,23655,23255,23620,,23414,156770,18352849500,77463,,24835,22020,81154,23430,23720,5.0,0,5.0,500,0,0,0
2024-05-13 13:52:08.000000,23470,41,23465,3,23475,43,23460,31,23480,38,23455,41,23485,44,23450,45,23490,38,23445,18,23465,23655,23255,23620,,23414,156771,18352966825,77462,,24835,22020,81154,23430,23720,5.0,0,5.0,500,0,0,0
2024-05-13 13:52:09.000000,23465,5,23460,31,23470,41,23455,41,23475,43,23450,45,23480,38,23445,18,23485,44,23440,70,23465,23655,23255,23620,,23414,156774,18353318800,77459,,24835,22020,81154,23430,23720,5.0,0,5.0,500,0,0,0
2024-05-13 13:52:09.500000,23465,6,23460,28,23470,46,23455,41,23475,43,23450,45,23480,38,23445,18,23485,44,23440,70,23465,23655,23255,23620,,23414,156774,18353318800,77459,,24835,22020,81154,23430,23720,5.0,0,5.0,500,0,0,0
2024-05-13 13:52:10.000000,23465,9,23460,28,23470,46,23455,41,23475,43,23450,45,23480,38,23445,18,23485,44,23440,70,23465,23655,23255,23620,,23414,156774,18353318800,77459,,24835,22020,81154,23430,23720,5.0,0,5.0,500,0,0,0
2024-05-13 13:52:10.500000,23465,9,23460,32,23470,46,23455,41,23475,43,23450,45,23480,38,23445,18,23485,44,23440,70,23465,23655,23255,23620,,23414,156774,18353318800,77459,,24835,22020,81154,23430,23720,5.0,0,5.0,500,0,0,0
2024-05-13 13:52:11.000000,23465,11,23460,34,23470,46,23455,41,23475,43,23450,45,23480,38,23445,18,23485,44,23440,70,23465,23655,23255,23620,,23414,156774,18353318800,77459,,24835,22020,81154,23430,23720,5.0,0,5.0,500,0,0,0
2024-05-13 13:52:12.000000,23465,6,23460,34,23470,46,23455,41,23475,43,23450,45,23480,38,23445,18,23485,44,23440,70,23465,23655,23255,23620,,23414,156779,18353905425,77456,,24835,22020,81154,23430,23720,5.0,0,5.0,500,0,0,0
2024-05-13 13:52:12.500000,23470,46,23460,33,23475,43,23455,41,23480,38,23450,45,23485,44,23445,18,23490,38,23440,70,23465,23655,23255,23620,,23414,156786,18354726675,77456,,24835,22020,81154,23430,23720,5.0,0,5.0,500,0,0,0
2024-05-13 13:52:13.000000,23470,44,23465,10,23475,42,23460,34,23480,38,23455,41,23485,44,23450,46,23490,38,23445,18,23465,23655,23255,23620,,23414,156786,18354726675,77456,,24835,22020,81154,23430,23720,5.0,0,5.0,500,0,0,0
2024-05-13 13:52:13.500000,23470,44,23465,11,23475,42,23460,40,23480,38,23455,41,23485,44,23450,46,23490,38,23445,18,23465,23655,23255,23620,,23414,156786,18354726675,77456,,24835,22020,81154,23430,23720,5.0,0,5.0,500,0,0,0
2024-05-13 13:52:14.500000,23470,24,23465,11,23475,42,23460,40,23480,38,23455,41,23485,44,23450,46,23490,38,23445,18,23470,23655,23255,23620,,23414,156810,18357542950,77452,,24835,22020,81154,23430,23720,5.0,0,5.0,500,0,0,0
2024-05-13 13:52:15.000000,23470,20,23465,14,23475,42,23460,40,23480,38,23455,41,23485,44,23450,46,23490,38,23445,18,23470,23655,23255,23620,,23414,156812,18357777650,77452,,24835,22020,81154,23430,23720,5.0,0,5.0,500,0,0,0
2024-05-13 13:52:15.500000,23470,20,23465,18,23475,42,23460,39,23480,44,23455,41,23485,44,23450,46,23490,38,23445,18,23470,23655,23255,23620,,23414,156812,18357777650,77452,,24835,22020,81154,23430,23720,5.0,0,5.0,500,0,0,0
2024-05-13 13:52:16.000000,23475,42,23470,1,23480,44,23465,19,23485,44,23460,39,23490,38,23455,41,23495,46,23450,46,23470,23655,23255,23620,,23414,156832,18360124650,77464,,24835,22020,81154,23430,23720,5.0,0,5.0,500,0,0,0
2024-05-13 13:52:16.500000,23475,22,23470,13,23480,44,23465,22,23485,44,23460,36,23490,38,23455,41,23495,46,23450,46,23470,23655,23255,23620,,23414,156832,18360124650,77464,,24835,22020,81154,23430,23720,5.0,0,5.0,500,0,0,0
2024-05-13 13:52:17.000000,23475,14,23470,16,23480,44,23465,23,23485,44,23460,33,23490,38,23455,41,23495,46,23450,46,23470,23655,23255,23620,,23414,156833,18360242000,77464,,24835,22020,81154,23430,23720,5.0,0,5.0,500,0,0,0
2024-05-13 13:52:17.500000,23475,14,23470,20,23480,44,23465,24,23485,44,23460,33,23490,38,23455,41,23495,46,23450,46,23470,23655,23255,23620,,23414,156833,18360242000,77464,,24835,22020,81154,23430,23720,5.0,0,5.0,500,0,0,0
2024-05-13 13:52:18.000000,23475,10,23470,21,23480,44,23465,24,23485,44,23460,33,23490,38,23455,41,23495,46,23450,46,23470,23655,23255,23620,,23414,156833,18360242000,77464,,24835,22020,81154,23430,23720,5.0,0,5.0,500,0,0,0
2024-05-13 13:52:18.500000,23475,11,23470,20,23480,44,23465,24,23485,44,23460,32,23490,38,23455,41,23495,46,23450,46,23470,23655,23255,23620,,23414,156834,18360359350,77464,,24835,22020,81154,23430,23720,5.0,0,5.0,500,0,0,0
2024-05-13 13:52:19.000000,23475,12,23470,23,23480,44,23465,24,23485,44,23460,30,23490,38,23455,41,23495,46,23450,46,23475,23655,23255,23620,,23414,156835,18360476725,77464,,24835,22020,81154,23430,23720,5.0,0,5.0,500,0,0,0
2024-05-13 13:52:19.500000,23475,11,23470,23,23480,44,23465,24,23485,44,23460,30,23490,38,23455,41,23495,46,23450,46,23475,23655,23255,23620,,23414,156836,18360594100,77464,,24835,22020,81154,23430,23720,5.0,0,5.0,500,0,0,0
2024-05-13 13:52:20.500000,23475,11,23470,23,23480,44,23465,25,23485,44,23460,30,23490,38,23455,41,23495,46,23450,46,23475,23655,23255,23620,,23414,156836,18360594100,77464,,24835,22020,81154,23430,23720,5.0,0,5.0,500,0,0,0
2024-05-13 13:52:21.000000,23475,11,23470,23,23480,44,23465,24,23485,44,23460,30,23490,38,23455,41,23495,46,23450,46,23475,23655,23255,23620,,23414,156836,18360594100,77464,,24835,22020,81154,23430,23720,5.0,0,5.0,500,0,0,0
2024-05-13 13:52:22.000000,23475,3,23470,29,23480,44,23465,24,23485,44,23460,30,23490,38,23455,41,23495,46,23450,46,23475,23655,23255,23620,,23414,156844,18361533100,77463,,24835,22020,81154,23430,23720,5.0,0,5.0,500,0,0,0
2024-05-13 13:52:22.500000,23480,32,23475,26,23485,43,23470,29,23490,38,23465,24,23495,47,23460,32,23500,54,23455,41,23475,23655,23255,23620,,23414,156847,18361885225,77464,,24835,22020,81154,23430,23720,5.0,0,5.0,500,0,0,0
2024-05-13 13:52:23.000000,23480,16,23475,26,23485,42,23470,33,23490,38,23465,27,23495,47,23460,32,23500,49,23455,41,23475,23655,23255,23620,,23414,156847,18361885225,77464,,24835,22020,81154,23430,23720,5.0,0,5.0,500,0,0,0
2024-05-13 13:52:23.500000,23480,15,23475,26,23485,42,23470,33,23490,38,23465,27,23495,47,23460,32,23500,49,23455,41,23475,23655,23255,23620,,23414,156847,18361885225,77464,,24835,22020,81154,23430,23720,5.0,0,5.0,500,0,0,0
2024-05-13 13:52:24.000000,23480,17,23475,22,23485,42,23470,33,23490,38,23465,27,23495,47,23460,32,23500,49,23455,41,23475,23655,23255,23620,,23414,156848,18362002600,77465,,24835,22020,81154,23430,23720,5.0,0,5.0,500,0,0,0
2024-05-13 13:52:24.500000,23480,20,23475,22,23485,42,23470,33,23490,38,23465,29,23495,47,23460,33,23500,49,23455,41,23475,23655,23255,23620,,23414,156848,18362002600,77465,,24835,22020,81154,23430,23720,5.0,0,5.0,500,0,0,0
2024-05-13 13:52:25.000000,23480,21,23475,22,23485,42,23470,33,23490,38,23465,29,23495,47,23460,33,23500,49,23455,41,23475,23655,23255,23620,,23414,156848,18362002600,77465,,24835,22020,81154,23430,23720,5.0,0,5.0,500,0,0,0
2024-05-13 13:52:25.500000,23480,21,23475,19,23485,42,23470,33,23490,38,23465,29,23495,47,23460,33,23500,49,23455,41,23475,23655,23255,23620,,23414,156848,18362002600,77465,,24835,22020,81154,23430,23720,5.0,0,5.0,500,0,0,0
2024-05-13 13:52:26.000000,23480,22,23475,19,23485,42,23470,33,23490,39,23465,29,23495,47,23460,33,23500,49,23455,41,23475,23655,23255,23620,,23414,156848,18362002600,77465,,24835,22020,81154,23430,23720,5.0,0,5.0,500,0,0,0
2024-05-13 13:52:26.500000,23480,25,23475,19,23485,42,23470,33,23490,39,23465,29,23495,47,23460,33,23500,49,23455,41,23475,23655,23255,23620,,23414,156848,18362002600,77465,,24835,22020,81154,23430,23720,5.0,0,5.0,500,0,0,0
2024-05-13 13:52:29.000000,23480,75,23475,19,23485,42,23470,33,23490,39,23465,29,23495,47,23460,33,23500,49,23455,41,23475,23655,23255,23620,,23414,156848,18362002600,77465,,24835,22020,81154,23430,23720,5.0,0,5.0,500,0,0,0
2024-05-13 13:52:29.500000,23475,16,23470,33,23480,76,23465,29,23485,42,23460,33,23490,39,23455,41,23495,47,23450,46,23475,23655,23255,23620,,23414,156863,18363763225,77464,,24835,22020,81154,23430,23720,5.0,0,5.0,500,0,0,0
2024-05-13 13:52:30.000000,23475,11,23470,29,23480,76,23465,29,23485,42,23460,33,23490,39,23455,41,23495,47,23450,46,23475,23655,23255,23620,,23414,156866,18364115350,77462,,24835,22020,81154,23430,23720,5.0,0,5.0,500,0,0,0
2024-05-13 13:52:30.500000,23475,10,23470,30,23480,76,23465,29,23485,42,23460,33,23490,39,23455,41,23495,47,23450,46,23475,23655,23255,23620,,23414,156867,18364232725,77462,,24835,22020,81154,23430,23720,5.0,0,5.0,500,0,0,0
2024-05-13 13:52:31.000000,23475,9,23470,30,23480,76,23465,29,23485,42,23460,33,23490,39,23455,41,23495,47,23450,46,23475,23655,23255,23620,,23414,156868,18364350100,77462,,24835,22020,81154,23430,23720,5.0,0,5.0,500,0,0,0
2024-05-13 13:52:31.500000,23475,10,23470,30,23480,76,23465,29,23485,42,23460,32,23490,39,23455,41,23495,47,23450,46,23475,23655,23255,23620,,23414,156868,18364350100,77462,,24835,22020,81154,23430,23720,5.0,0,5.0,500,0,0,0
2024-05-13 13:52:32.000000,23475,10,23470,30,23480,77,23465,29,23485,42,23460,32,23490,39,23455,41,23495,47,23450,46,23475,23655,23255,23620,,23414,156868,18364350100,77462,,24835,22020,81154,23430,23720,5.0,0,5.0,500,0,0,0
2024-05-13 13:52:33.000000,23475,10,23470,30,23480,77,23465,29,23485,42,23460,32,23490,39,23455,41,23495,47,23450,42,23475,23655,23255,23620,,23414,156868,18364350100,77462,,24835,22020,81154,23430,23720,5.0,0,5.0,500,0,0,0
2024-05-13 13:52:34.000000,23475,10,23470,30,23480,77,23465,29,23485,41,23460,32,23490,39,23455,41,23495,47,23450,42,23475,23655,23255,23620,,23414,156868,18364350100,77462,,24835,22020,81154,23430,23720,5.0,0,5.0,500,0,0,0
2024-05-13 13:52:34.500000,23475,10,23470,30,23480,77,23465,29,23485,40,23460,32,23490,39,23455,41,23495,47,23450,42,23475,23655,23255,23620,,23414,156868,18364350100,77462,,24835,22020,81154,23430,23720,5.0,0,5.0,500,0,0,0
2024-05-13 13:52:35.000000,23475,9,23470,30,23480,77,23465,29,23485,40,23460,32,23490,39,23455,41,23495,47,23450,42,23475,23655,23255,23620,,23414,156869,18364467475,77462,,24835,22020,81154,23430,23720,5.0,0,5.0,500,0,0,0
2024-05-13 13:52:35.500000,23475,8,23470,30,23480,77,23465,29,23485,40,23460,32,23490,39,23455,41,23495,47,23450,42,23475,23655,23255,23620,,23414,156869,18364467475,77462,,24835,22020,81154,23430,23720,5.0,0,5.0,500,0,0,0
2024-05-13 13:52:36.000000,23475,8,23470,29,23480,77,23465,29,23485,40,23460,32,23490,39,23455,41,23495,47,23450,42,23470,23655,23255,23620,,23414,156870,18364584825,77461,,24835,22020,81154,23430,23720,5.0,0,5.0,500,0,0,0
2024-05-13 13:52:36.500000,23475,8,23470,29,23480,77,23465,29,23485,40,23460,32,23490,39,23455,41,23495,47,23450,42,23475,23655,23255,23620,,23414,156871,18364702200,77462,,24835,22020,81154,23430,23720,5.0,0,5.0,500,0,0,0
2024-05-13 13:52:37.000000,23475,8,23470,29,23480,77,23465,29,23485,40,23460,32,23490,41,23455,41,23495,47,23450,42,23475,23655,23255,23620,,23414,156871,18364702200,77462,,24835,22020,81154,23430,23720,5.0,0,5.0,500,0,0,0
2024-05-13 13:52:38.500000,23475,7,23470,29,23480,77,23465,29,23485,40,23460,32,23490,41,23455,41,23495,47,23450,42,23475,23655,23255,23620,,23414,156872,18364819575,77461,,24835,22020,81154,23430,23720,5.0,0,5.0,500,0,0,0
2024-05-13 13:52:39.000000,23475,7,23470,23,23480,77,23465,29,23485,40,23460,32,23490,41,23455,41,23495,47,23450,42,23470,23655,23255,23620,,23414,156878,18365523675,77458,,24835,22020,81154,23430,23720,5.0,0,5.0,500,0,0,0
2024-05-13 13:52:39.500000,23475,22,23470,26,23480,77,23465,29,23485,40,23460,32,23490,41,23455,41,23495,47,23450,42,23470,23655,23255,23620,,23414,156878,18365523675,77458,,24835,22020,81154,23430,23720,5.0,0,5.0,500,0,0,0
2024-05-13 13:52:40.000000,23475,22,23470,29,23480,77,23465,29,23485,40,23460,32,23490,41,23455,41,23495,47,23450,42,23470,23655,23255,23620,,23414,156878,18365523675,77458,,24835,22020,81154,23430,23720,5.0,0,5.0,500,0,0,0
2024-05-13 13:52:40.500000,23475,14,23470,32,23480,77,23465,29,23485,40,23460,32,23490,41,23455,41,23495,47,23450,42,23470,23655,23255,23620,,23414,156878,18365523675,77458,,24835,22020,81154,23430,23720,5.0,0,5.0,500,0,0,0
2024-05-13 13:52:41.000000,23475,11,23470,33,23480,77,23465,28,23485,40,23460,32,23490,41,23455,41,23495,47,23450,42,23470,23655,23255,23620,,23414,156878,18365523675,77458,,24835,22020,81154,23430,23720,5.0,0,5.0,500,0,0,0
2024-05-13 13:52:41.500000,23475,3,23470,33,23480,77,23465,28,23485,40,23460,32,23490,41,23455,41,23495,47,23450,42,23475,23655,23255,23620,,23414,156886,18366462675,77451,,24835,22020,81154,23430,23720,5.0,0,5.0,500,0,0,0
2024-05-13 13:52:42.000000,23480,77,23475,8,23485,40,23470,33,23490,41,23465,28,23495,47,23460,32,23500,50,23455,41,23475,23655,23255,23620,,23414,156889,18366814800,77448,,24835,22020,81154,23430,23720,5.0,0,5.0,500,0,0,0
2024-05-13 13:52:42.500000,23480,78,23475,11,23485,40,23470,34,23490,41,23465,28,23495,47,23460,32,23500,50,23455,41,23475,23655,23255,23620,,23414,156889,18366814800,77448,,24835,22020,81154,23430,23720,5.0,0,5.0,500,0,0,0
2024-05-13 13:52:43.000000,23480,78,23475,8,23485,40,23470,34,23490,41,23465,28,23495,47,23460,32,23500,50,23455,41,23475,23655,23255,23620,,23414,156890,18366932175,77449,,24835,22020,81154,23430,23720,5.0,0,5.0,500,0,0,0
2024-05-13 13:52:43.500000,23475,1,23470,34,23480,78,23465,28,23485,40,23460,32,23490,41,23455,41,23495,47,23450,42,23475,23655,23255,23620,,23414,156898,18367871175,77453,,24835,22020,81154,23430,23720,5.0,0,5.0,500,0,0,0
2024-05-13 13:52:44.000000,23480,79,23470,30,23485,40,23465,28,23490,41,23460,32,23495,47,23455,41,23500,50,23450,42,23475,23655,23255,23620,,23414,156899,18367988550,77453,,24835,22020,81154,23430,23720,5.0,0,5.0,500,0,0,0
2024-05-13 13:52:44.500000,23475,7,23470,30,23480,78,23465,28,23485,40,23460,32,23490,41,23455,41,23495,47,23450,42,23475,23655,23255,23620,,23414,156900,18368105925,77452,,24835,22020,81154,23430,23720,5.0,0,5.0,500,0,0,0
2024-05-13 13:52:45.000000,23475,5,23470,34,23480,79,23465,28,23485,40,23460,32,23490,41,23455,41,23495,47,23450,42,23475,23655,23255,23620,,23414,156900,18368105925,77452,,24835,22020,81154,23430,23720,5.0,0,5.0,500,0,0,0
2024-05-13 13:52:46.500000,23475,5,23470,34,23480,79,23465,30,23485,40,23460,32,23490,41,23455,41,23495,47,23450,42,23475,23655,23255,23620,,23414,156900,18368105925,77452,,24835,22020,81154,23430,23720,5.0,0,5.0,500,0,0,0
2024-05-13 13:52:47.000000,23475,5,23470,33,23480,79,23465,30,23485,40,23460,32,23490,41,23455,41,23495,47,23450,42,23470,23655,23255,23620,,23414,156901,18368223275,77452,,24835,22020,81154,23430,23720,5.0,0,5.0,500,0,0,0
2024-05-13 13:52:48.000000,23475,4,23470,33,23480,79,23465,30,23485,40,23460,32,23490,41,23455,41,23495,47,23450,42,23475,23655,23255,23620,,23414,156902,18368340650,77452,,24835,22020,81154,23430,23720,5.0,0,5.0,500,0,0,0
2024-05-13 13:52:48.500000,23475,4,23470,32,23480,79,23465,30,23485,40,23460,32,23490,41,23455,41,23495,47,23450,42,23475,23655,23255,23620,,23414,156902,18368340650,77452,,24835,22020,81154,23430,23720,5.0,0,5.0,500,0,0,0
2024-05-13 13:52:49.000000,23475,4,23470,32,23480,79,23465,30,23485,40,23460,32,23490,41,23455,41,23495,47,23450,43,23475,23655,23255,23620,,23414,156903,18368458025,77452,,24835,22020,81154,23430,23720,5.0,0,5.0,500,0,0,0
2024-05-13 13:52:49.500000,23475,3,23470,32,23480,79,23465,30,23485,40,23460,31,23490,41,23455,41,23495,48,23450,43,23475,23655,23255,23620,,23414,156904,18368575400,77451,,24835,22020,81154,23430,23720,5.0,0,5.0,500,0,0,0
2024-05-13 13:52:50.500000,23475,5,23470,32,23480,79,23465,30,23485,40,23460,31,23490,41,23455,41,23495,48,23450,43,23475,23655,23255,23620,,23414,156904,18368575400,77451,,24835,22020,81154,23430,23720,5.0,0,5.0,500,0,0,0
2024-05-13 13:52:51.000000,23475,13,23470,32,23480,79,23465,30,23485,40,23460,31,23490,41,23455,41,23495,47,23450,43,23475,23655,23255,23620,,23414,156904,18368575400,77451,,24835,22020,81154,23430,23720,5.0,0,5.0,500,0,0,0
2024-05-13 13:52:51.500000,23475,26,23470,32,23480,79,23465,30,23485,40,23460,31,23490,41,23455,41,23495,47,23450,43,23470,23655,23255,23620,,23414,156906,18368810100,77451,,24835,22020,81154,23430,23720,5.0,0,5.0,500,0,0,0
2024-05-13 13:52:52.000000,23475,28,23470,33,23480,81,23465,34,23485,41,23460,31,23490,41,23455,41,23495,47,23450,43,23470,23655,23255,23620,,23414,156906,18368810100,77451,,24835,22020,81154,23430,23720,5.0,0,5.0,500,0,0,0
2024-05-13 13:52:53.000000,23475,29,23470,33,23480,81,23465,34,23485,41,23460,31,23490,41,23455,41,23495,47,23450,43,23470,23655,23255,23620,,23414,156906,18368810100,77451,,24835,22020,81154,23430,23720,5.0,0,5.0,500,0,0,0
2024-05-13 13:52:53.500000,23475,35,23470,33,23480,81,23465,34,23485,41,23460,31,23490,41,23455,41,23495,47,23450,43,23470,23655,23255,23620,,23414,156906,18368810100,77451,,24835,22020,81154,23430,23720,5.0,0,5.0,500,0,0,0
2024-05-13 13:52:54.000000,23475,35,23470,32,23480,81,23465,34,23485,41,23460,31,23490,41,23455,41,23495,47,23450,43,23470,23655,23255,23620,,23414,156906,18368810100,77451,,24835,22020,81154,23430,23720,5.0,0,5.0,500,0,0,0
2024-05-13 13:52:54.500000,23475,38,23470,30,23480,81,23465,34,23485,41,23460,31,23490,41,23455,41,23495,47,23450,44,23470,23655,23255,23620,,23414,156909,18369162150,77454,,24835,22020,81154,23430,23720,5.0,0,5.0,500,0,0,0
2024-05-13 13:52:55.000000,23475,36,23470,29,23480,79,23465,34,23485,41,23460,32,23490,41,23455,41,23495,47,23450,44,23470,23655,23255,23620,,23414,156909,18369162150,77454,,24835,22020,81154,23430,23720,5.0,0,5.0,500,0,0,0
2024-05-13 13:52:55.500000,23475,37,23470,29,23480,79,23465,34,23485,41,23460,32,23490,41,23455,41,23495,47,23450,44,23470,23655,23255,23620,,23414,156909,18369162150,77454,,24835,22020,81154,23430,23720,5.0,0,5.0,500,0,0,0
2024-05-13 13:52:56.000000,23475,38,23470,29,23480,79,23465,34,23485,41,23460,32,23490,41,23455,41,23495,47,23450,44,23470,23655,23255,23620,,23414,156909,18369162150,77454,,24835,22020,81154,23430,23720,5.0,0,5.0,500,0,0,0
2024-05-13 13:52:57.000000,23475,38,23470,29,23480,79,23465,32,23485,41,23460,32,23490,41,23455,41,23495,47,23450,44,23470,23655,23255,23620,,23414,156909,18369162150,77454,,24835,22020,81154,23430,23720,5.0,0,5.0,500,0,0,0
2024-05-13 13:52:57.500000,23475,38,23470,29,23480,79,23465,32,23485,41,23460,31,23490,41,23455,41,23495,47,23450,44,23470,23655,23255,23620,,23414,156909,18369162150,77454,,24835,22020,81154,23430,23720,5.0,0,5.0,500,0,0,0
2024-05-13 13:52:59.000000,23475,38,23470,30,23480,79,23465,32,23485,41,23460,31,23490,41,23455,41,23495,47,23450,44,23470,23655,23255,23620,,23414,156909,18369162150,77454,,24835,22020,81154,23430,23720,5.0,0,5.0,500,0,0,0
2024-05-13 13:52:59.500000,23475,38,23470,30,23480,79,23465,32,23485,41,23460,30,23490,41,23455,41,23495,47,23450,44,23470,23655,23255,23620,,23414,156909,18369162150,77454,,24835,22020,81154,23430,23720,5.0,0,5.0,500,0,0,0
2024-05-13 13:53:02.000000,23475,22,23470,30,23480,79,23465,32,23485,41,23460,30,23490,41,23455,41,23495,47,23450,44,23470,23655,23255,23620,,23414,156909,18369162150,77454,,24835,22020,81154,23430,23720,5.0,0,5.0,500,0,0,0
2024-05-13 13:53:02.500000,23475,19,23470,30,23480,79,23465,32,23485,41,23460,30,23490,41,23455,41,23495,47,23450,44,23470,23655,23255,23620,,23414,156909,18369162150,77454,,24835,22020,81154,23430,23720,5.0,0,5.0,500,0,0,0
2024-05-13 13:53:03.000000,23475,15,23470,30,23480,79,23465,32,23485,41,23460,30,23490,41,23455,41,23495,47,23450,44,23470,23655,23255,23620,,23414,156909,18369162150,77454,,24835,22020,81154,23430,23720,5.0,0,5.0,500,0,0,0
2024-05-13 13:53:03.500000,23475,14,23470,33,23480,79,23465,32,23485,41,23460,30,23490,41,23455,41,23495,47,23450,44,23470,23655,23255,23620,,23414,156909,18369162150,77454,,24835,22020,81154,23430,23720,5.0,0,5.0,500,0,0,0
2024-05-13 13:53:04.000000,23480,79,23475,14,23485,41,23470,36,23490,41,23465,32,23495,47,23460,30,23500,50,23455,41,23475,23655,23255,23620,,23414,156923,18370805400,77456,,24835,22020,81154,23430,23720,5.0,0,5.0,500,0,0,0
2024-05-13 13:53:04.500000,23480,80,23475,13,23485,41,23470,43,23490,41,23465,32,23495,47,23460,30,23500,50,23455,41,23475,23655,23255,23620,,23414,156924,18370922775,77456,,24835,22020,81154,23430,23720,5.0,0,5.0,500,0,0,0
2024-05-13 13:53:05.000000,23480,80,23475,15,23485,41,23470,43,23490,41,23465,32,23495,47,23460,30,23500,50,23455,41,23475,23655,23255,23620,,23414,156925,18371040150,77455,,24835,22020,81154,23430,23720,5.0,0,5.0,500,0,0,0
2024-05-13 13:53:05.500000,23480,78,23475,24,23485,41,23470,43,23490,41,23465,32,23495,47,23460,30,23500,50,23455,41,23475,23655,23255,23620,,23414,156925,18371040150,77455,,24835,22020,81154,23430,23720,5.0,0,5.0,500,0,0,0
2024-05-13 13:53:06.000000,23480,73,23475,24,23485,28,23470,43,23490,41,23465,32,23495,47,23460,30,23500,50,23455,41,23475,23655,23255,23620,,23414,156925,18371040150,77455,,24835,22020,81154,23430,23720,5.0,0,5.0,500,0,0,0
2024-05-13 13:53:06.500000,23480,70,23475,24,23485,30,23470,42,23490,41,23465,32,23495,47,23460,30,23500,50,23455,41,23475,23655,23255,23620,,23414,156925,18371040150,77455,,24835,22020,81154,23430,23720,5.0,0,5.0,500,0,0,0
2024-05-13 13:53:07.000000,23480,70,23475,8,23485,32,23470,42,23490,41,23465,32,23495,47,23460,31,23500,50,23455,41,23475,23655,23255,23620,,23414,156925,18371040150,77455,,24835,22020,81154,23430,23720,5.0,0,5.0,500,0,0,0
2024-05-13 13:53:07.500000,23480,71,23475,4,23485,32,23470,42,23490,41,23465,32,23495,47,23460,31,23500,50,23455,41,23475,23655,23255,23620,,23414,156925,18371040150,77455,,24835,22020,81154,23430,23720,5.0,0,5.0,500,0,0,0
2024-05-13 13:53:08.000000,23480,71,23475,1,23485,32,23470,42,23490,41,23465,32,23495,47,23460,31,23500,50,23455,41,23475,23655,23255,23620,,23414,156929,18371509650,77457,,24835,22020,81154,23430,23720,5.0,0,5.0,500,0,0,0
2024-05-13 13:53:08.500000,23480,73,23475,5,23485,30,23470,42,23490,41,23465,32,23495,47,23460,31,23500,50,23455,41,23475,23655,23255,23620,,23414,156931,18371744400,77458,,24835,22020,81154,23430,23720,5.0,0,5.0,500,0,0,0
2024-05-13 13:53:09.000000,23480,73,23475,3,23485,30,23470,42,23490,41,23465,32,23495,47,23460,31,23500,50,23455,41,23475,23655,23255,23620,,23414,156933,18371979150,77458,,24835,22020,81154,23430,23720,5.0,0,5.0,500,0,0,0
2024-05-13 13:53:09.500000,23480,72,23470,42,23485,30,23465,32,23490,41,23460,31,23495,47,23455,41,23500,50,23450,44,23480,23655,23255,23620,,23414,156937,18372448675,77457,,24835,22020,81154,23430,23720,5.0,0,5.0,500,0,0,0
2024-05-13 13:53:10.000000,23475,10,23470,39,23480,72,23465,32,23485,30,23460,31,23490,41,23455,41,23495,47,23450,44,23475,23655,23255,23620,,23414,156938,18372566050,77456,,24835,22020,81154,23430,23720,5.0,0,5.0,500,0,0,0
2024-05-13 13:53:10.500000,23475,3,23470,39,23480,76,23465,32,23485,30,23460,31,23490,41,23455,41,23495,47,23450,44,23475,23655,23255,23620,,23414,156940,18372800800,77458,,24835,22020,81154,23430,23720,5.0,0,5.0,500,0,0,0
2024-05-13 13:53:11.000000,23480,76,23475,7,23485,30,23470,39,23490,41,23465,32,23495,47,23460,31,23500,50,23455,41,23475,23655,23255,23620,,23414,156942,18373035550,77456,,24835,22020,81154,23430,23720,5.0,0,5.0,500,0,0,0
2024-05-13 13:53:11.500000,23480,72,23475,7,23485,30,23470,43,23490,41,23465,32,23495,47,23460,31,23500,50,23455,41,23475,23655,23255,23620,,23414,156942,18373035550,77456,,24835,22020,81154,23430,23720,5.0,0,5.0,500,0,0,0
2024-05-13 13:53:12.000000,23480,71,23475,7,23485,30,23470,42,23490,41,23465,32,23495,47,23460,31,23500,50,23455,41,23475,23655,23255,23620,,23414,156942,18373035550,77456,,24835,22020,81154,23430,23720,5.0,0,5.0,500,0,0,0
2024-05-13 13:53:12.500000,23480,72,23475,9,23485,30,23470,42,23490,41,23465,32,23495,47,23460,31,23500,50,23455,41,23475,23655,23255,23620,,23414,156942,18373035550,77456,,24835,22020,81154,23430,23720,5.0,0,5.0,500,0,0,0
2024-05-13 13:53:13.000000,23480,72,23475,9,23485,30,23470,42,23490,41,23465,32,23495,47,23460,31,23500,50,23455,41,23475,23655,23255,23620,,23414,156943,18373152925,77456,,24835,22020,81154,23430,23720,5.0,0,5.0,500,0,0,0
2024-05-13 13:53:13.500000,23480,72,23475,8,23485,30,23470,42,23490,41,23465,32,23495,47,23460,31,23500,50,23455,41,23475,23655,23255,23620,,23414,156944,18373270300,77456,,24835,22020,81154,23430,23720,5.0,0,5.0,500,0,0,0
2024-05-13 13:53:14.500000,23480,72,23475,8,23485,29,23470,42,23490,41,23465,32,23495,47,23460,31,23500,50,23455,41,23475,23655,23255,23620,,23414,156944,18373270300,77456,,24835,22020,81154,23430,23720,5.0,0,5.0,500,0,0,0
2024-05-13 13:53:15.500000,23480,72,23475,9,23485,29,23470,42,23490,41,23465,32,23495,47,23460,31,23500,50,23455,41,23475,23655,23255,23620,,23414,156944,18373270300,77456,,24835,22020,81154,23430,23720,5.0,0,5.0,500,0,0,0
2024-05-13 13:53:16.000000,23480,72,23475,12,23485,29,23470,42,23490,41,23465,32,23495,47,23460,31,23500,50,23455,41,23475,23655,23255,23620,,23414,156944,18373270300,77456,,24835,22020,81154,23430,23720,5.0,0,5.0,500,0,0,0
2024-05-13 13:53:16.500000,23480,72,23475,19,23485,29,23470,42,23490,41,23465,32,23495,47,23460,31,23500,50,23455,41,23475,23655,23255,23620,,23414,156944,18373270300,77456,,24835,22020,81154,23430,23720,5.0,0,5.0,500,0,0,0
2024-05-13 13:53:17.000000,23480,72,23475,35,23485,29,23470,41,23490,41,23465,32,23495,47,23460,31,23500,50,23455,41,23475,23655,23255,23620,,23414,156944,18373270300,77456,,24835,22020,81154,23430,23720,5.0,0,5.0,500,0,0,0
2024-05-13 13:53:17.500000,23480,71,23475,38,23485,29,23470,41,23490,41,23465,32,23495,47,23460,31,23500,50,23455,41,23475,23655,23255,23620,,23414,156944,18373270300,77456,,24835,22020,81154,23430,23720,5.0,0,5.0,500,0,0,0
2024-05-13 13:53:18.500000,23480,71,23475,39,23485,29,23470,41,23490,41,23465,32,23495,47,23460,31,23500,50,23455,41,23475,23655,23255,23620,,23414,156944,18373270300,77456,,24835,22020,81154,23430,23720,5.0,0,5.0,500,0,0,0
2024-05-13 13:53:19.000000,23480,71,23475,39,23485,29,23470,41,23490,41,23465,32,23495,47,23460,30,23500,50,23455,41,23475,23655,23255,23620,,23414,156944,18373270300,77456,,24835,22020,81154,23430,23720,5.0,0,5.0,500,0,0,0
2024-05-13 13:53:19.500000,23480,71,23475,39,23485,29,23470,42,23490,41,23465,32,23495,47,23460,30,23500,50,23455,41,23475,23655,23255,23620,,23414,156944,18373270300,77456,,24835,22020,81154,23430,23720,5.0,0,5.0,500,0,0,0
2024-05-13 13:53:20.000000,23480,71,23475,44,23485,29,23470,42,23490,41,23465,32,23495,47,23460,30,23500,50,23455,41,23475,23655,23255,23620,,23414,156944,18373270300,77456,,24835,22020,81154,23430,23720,5.0,0,5.0,500,0,0,0
2024-05-13 13:53:21.000000,23480,71,23475,46,23485,29,23470,42,23490,41,23465,32,23495,47,23460,30,23500,50,23455,41,23475,23655,23255,23620,,23414,156944,18373270300,77456,,24835,22020,81154,23430,23720,5.0,0,5.0,500,0,0,0
2024-05-13 13:53:21.500000,23480,71,23475,48,23485,29,23470,42,23490,41,23465,32,23495,47,23460,30,23500,50,23455,41,23475,23655,23255,23620,,23414,156944,18373270300,77456,,24835,22020,81154,23430,23720,5.0,0,5.0,500,0,0,0
2024-05-13 13:53:22.000000,23480,69,23475,49,23485,29,23470,42,23490,41,23465,32,23495,47,23460,30,23500,50,23455,41,23480,23655,23255,23620,,23414,156946,18373505100,77456,,24835,22020,81154,23430,23720,5.0,0,5.0,500,0,0,0
2024-05-13 13:53:22.500000,23480,69,23475,50,23485,29,23470,42,23490,41,23465,32,23495,47,23460,30,23500,50,23455,41,23480,23655,23255,23620,,23414,156946,18373505100,77456,,24835,22020,81154,23430,23720,5.0,0,5.0,500,0,0,0
2024-05-13 13:53:23.000000,23480,69,23475,51,23485,29,23470,42,23490,41,23465,32,23495,47,23460,30,23500,50,23455,41,23480,23655,23255,23620,,23414,156946,18373505100,77456,,24835,22020,81154,23430,23720,5.0,0,5.0,500,0,0,0
2024-05-13 13:53:23.500000,23480,69,23475,51,23485,29,23470,42,23490,41,23465,28,23495,47,23460,30,23500,50,23455,41,23480,23655,23255,23620,,23414,156946,18373505100,77456,,24835,22020,81154,23430,23720,5.0,0,5.0,500,0,0,0
2024-05-13 13:53:24.000000,23480,70,23475,51,23485,29,23470,46,23490,40,23465,28,23495,47,23460,30,23500,50,23455,41,23480,23655,23255,23620,,23414,156946,18373505100,77456,,24835,22020,81154,23430,23720,5.0,0,5.0,500,0,0,0
2024-05-13 13:53:24.500000,23480,70,23475,54,23485,29,23470,46,23490,40,23465,28,23495,47,23460,30,23500,50,23455,41,23480,23655,23255,23620,,23414,156946,18373505100,77456,,24835,22020,81154,23430,23720,5.0,0,5.0,500,0,0,0
2024-05-13 13:53:25.000000,23480,70,23475,54,23485,29,23470,46,23490,40,23465,29,23495,47,23460,30,23500,50,23455,41,23480,23655,23255,23620,,23414,156946,18373505100,77456,,24835,22020,81154,23430,23720,5.0,0,5.0,500,0,0,0
2024-05-13 13:53:26.000000,23480,70,23475,54,23485,30,23470,46,23490,40,23465,29,23495,47,23460,30,23500,50,23455,41,23480,23655,23255,23620,,23414,156946,18373505100,77456,,24835,22020,81154,23430,23720,5.0,0,5.0,500,0,0,0
2024-05-13 13:53:26.500000,23480,68,23475,54,23485,30,23470,46,23490,40,23465,29,23495,47,23460,30,23500,50,23455,41,23480,23655,23255,23620,,23414,156948,18373739900,77454,,24835,22020,81154,23430,23720,5.0,0,5.0,500,0,0,0
2024-05-13 13:53:27.000000,23480,69,23475,54,23485,30,23470,46,23490,40,23465,29,23495,47,23460,30,23500,50,23455,41,23480,23655,23255,23620,,23414,156948,18373739900,77454,,24835,22020,81154,23430,23720,5.0,0,5.0,500,0,0,0
2024-05-13 13:53:28.500000,23480,70,23475,55,23485,30,23470,46,23490,40,23465,31,23495,47,23460,30,23500,50,23455,41,23480,23655,23255,23620,,23414,156948,18373739900,77454,,24835,22020,81154,23430,23720,5.0,0,5.0,500,0,0,0
2024-05-13 13:53:30.000000,23480,70,23475,55,23485,30,23470,46,23490,40,23465,30,23495,47,23460,30,23500,50,23455,41,23480,23655,23255,23620,,23414,156948,18373739900,77454,,24835,22020,81154,23430,23720,5.0,0,5.0,500,0,0,0
2024-05-13 13:53:30.500000,23480,71,23475,55,23485,30,23470,46,23490,40,23465,30,23495,47,23460,30,23500,50,23455,41,23480,23655,23255,23620,,23414,156948,18373739900,77454,,24835,22020,81154,23430,23720,5.0,0,5.0,500,0,0,0
2024-05-13 13:53:32.500000,23480,71,23475,54,23485,30,23470,46,23490,40,23465,30,23495,47,23460,30,23500,50,23455,41,23480,23655,23255,23620,,23414,156948,18373739900,77454,,24835,22020,81154,23430,23720,5.0,0,5.0,500,0,0,0
2024-05-13 13:53:33.500000,23480,71,23475,55,23485,30,23470,46,23490,40,23465,30,23495,47,23460,30,23500,50,23455,41,23480,23655,23255,23620,,23414,156948,18373739900,77454,,24835,22020,81154,23430,23720,5.0,0,5.0,500,0,0,0
2024-05-13 13:53:34.000000,23480,71,23475,52,23485,30,23470,46,23490,40,23465,30,23495,47,23460,30,23500,50,23455,41,23480,23655,23255,23620,,23414,156948,18373739900,77454,,24835,22020,81154,23430,23720,5.0,0,5.0,500,0,0,0
2024-05-13 13:53:37.500000,23480,71,23475,51,23485,30,23470,46,23490,40,23465,28,23495,47,23460,30,23500,50,23455,41,23480,23655,23255,23620,,23414,156948,18373739900,77454,,24835,22020,81154,23430,23720,5.0,0,5.0,500,0,0,0
2024-05-13 13:53:38.000000,23480,71,23475,51,23485,30,23470,46,23490,40,23465,28,23495,47,23460,30,23500,51,23455,41,23480,23655,23255,23620,,23414,156948,18373739900,77454,,24835,22020,81154,23430,23720,5.0,0,5.0,500,0,0,0
2024-05-13 13:53:38.500000,23480,71,23475,51,23485,30,23470,46,23490,40,23465,28,23495,48,23460,30,23500,51,23455,41,23480,23655,23255,23620,,23414,156948,18373739900,77454,,24835,22020,81154,23430,23720,5.0,0,5.0,500,0,0,0
2024-05-13 13:53:39.000000,23480,71,23475,50,23485,30,23470,46,23490,40,23465,28,23495,48,23460,30,23500,51,23455,41,23480,23655,23255,23620,,23414,156948,18373739900,77454,,24835,22020,81154,23430,23720,5.0,0,5.0,500,0,0,0
2024-05-13 13:53:39.500000,23480,71,23475,52,23485,30,23470,46,23490,40,23465,28,23495,48,23460,30,23500,51,23455,41,23480,23655,23255,23620,,23414,156948,18373739900,77454,,24835,22020,81154,23430,23720,5.0,0,5.0,500,0,0,0
2024-05-13 13:53:40.000000,23480,69,23475,53,23485,30,23470,46,23490,40,23465,28,23495,48,23460,30,23500,51,23455,41,23480,23655,23255,23620,,23414,156950,18373974700,77454,,24835,22020,81154,23430,23720,5.0,0,5.0,500,0,0,0
2024-05-13 13:53:43.500000,23480,69,23475,52,23485,30,23470,46,23490,40,23465,28,23495,48,23460,30,23500,51,23455,41,23475,23655,23255,23620,,23414,156951,18374092075,77454,,24835,22020,81154,23430,23720,5.0,0,5.0,500,0,0,0
2024-05-13 13:53:44.500000,23480,69,23475,53,23485,30,23470,46,23490,40,23465,28,23495,48,23460,29,23500,51,23455,41,23475,23655,23255,23620,,23414,156951,18374092075,77454,,24835,22020,81154,23430,23720,5.0,0,5.0,500,0,0,0
2024-05-13 13:53:48.500000,23480,71,23475,53,23485,30,23470,46,23490,41,23465,28,23495,48,23460,29,23500,51,23455,41,23475,23655,23255,23620,,23414,156951,18374092075,77454,,24835,22020,81154,23430,23720,5.0,0,5.0,500,0,0,0
2024-05-13 13:53:49.000000,23480,71,23475,55,23485,30,23470,46,23490,41,23465,28,23495,48,23460,29,23500,51,23455,41,23475,23655,23255,23620,,23414,156951,18374092075,77454,,24835,22020,81154,23430,23720,5.0,0,5.0,500,0,0,0
2024-05-13 13:53:49.500000,23480,71,23475,56,23485,30,23470,46,23490,41,23465,28,23495,48,23460,29,23500,51,23455,41,23475,23655,23255,23620,,23414,156951,18374092075,77454,,24835,22020,81154,23430,23720,5.0,0,5.0,500,0,0,0
2024-05-13 13:53:50.000000,23480,71,23475,56,23485,30,23470,43,23490,42,23465,28,23495,48,23460,29,23500,51,23455,41,23475,23655,23255,23620,,23414,156951,18374092075,77454,,24835,22020,81154,23430,23720,5.0,0,5.0,500,0,0,0
2024-05-13 13:53:51.000000,23480,71,23475,56,23485,30,23470,43,23490,42,23465,27,23495,48,23460,30,23500,51,23455,41,23475,23655,23255,23620,,23414,156951,18374092075,77454,,24835,22020,81154,23430,23720,5.0,0,5.0,500,0,0,0
2024-05-13 13:53:51.500000,23480,71,23475,57,23485,30,23470,43,23490,42,23465,27,23495,48,23460,30,23500,51,23455,41,23475,23655,23255,23620,,23414,156951,18374092075,77454,,24835,22020,81154,23430,23720,5.0,0,5.0,500,0,0,0
2024-05-13 13:53:54.000000,23480,72,23475,57,23485,30,23470,43,23490,42,23465,27,23495,48,23460,30,23500,51,23455,41,23475,23655,23255,23620,,23414,156951,18374092075,77454,,24835,22020,81154,23430,23720,5.0,0,5.0,500,0,0,0
2024-05-13 13:53:59.000000,23480,72,23475,52,23485,30,23470,43,23490,42,23465,27,23495,48,23460,30,23500,51,23455,41,23475,23655,23255,23620,,23414,156951,18374092075,77454,,24835,22020,81154,23430,23720,5.0,0,5.0,500,0,0,0
2024-05-13 13:53:59.500000,23480,72,23475,54,23485,30,23470,43,23490,42,23465,27,23495,48,23460,30,23500,51,23455,41,23475,23655,23255,23620,,23414,156951,18374092075,77454,,24835,22020,81154,23430,23720,5.0,0,5.0,500,0,0,0
2024-05-13 13:54:00.500000,23480,73,23475,54,23485,30,23470,43,23490,42,23465,27,23495,48,23460,30,23500,51,23455,41,23475,23655,23255,23620,,23414,156951,18374092075,77454,,24835,22020,81154,23430,23720,5.0,0,5.0,500,0,0,0
2024-05-13 13:54:03.000000,23480,72,23475,54,23485,30,23470,43,23490,42,23465,27,23495,48,23460,30,23500,51,23455,41,23475,23655,23255,23620,,23414,156951,18374092075,77454,,24835,22020,81154,23430,23720,5.0,0,5.0,500,0,0,0
2024-05-13 13:54:03.500000,23480,54,23475,54,23485,30,23470,43,23490,42,23465,27,23495,48,23460,30,23500,51,23455,41,23480,23655,23255,23620,,23414,156969,18376205275,77446,,24835,22020,81154,23430,23720,5.0,0,5.0,500,0,0,0
2024-05-13 13:54:04.000000,23485,30,23480,102,23490,42,23475,54,23495,48,23470,43,23500,51,23465,27,23505,44,23460,31,23480,23655,23255,23620,,23414,157023,18382544875,77448,,24835,22020,81154,23430,23720,5.0,0,5.0,500,0,0,0
2024-05-13 13:54:04.500000,23485,1,23480,107,23490,40,23475,59,23495,43,23470,42,23500,51,23465,27,23505,44,23460,31,23485,23655,23255,23620,,23414,157041,18384658525,77444,,24835,22020,81154,23430,23720,5.0,0,5.0,500,0,0,0
2024-05-13 13:54:05.000000,23490,38,23485,6,23495,43,23480,114,23500,51,23475,60,23505,44,23470,39,23510,30,23465,27,23485,23655,23255,23620,,23414,157046,18385245650,77445,,24835,22020,81154,23430,23720,5.0,0,5.0,500,0,0,0
2024-05-13 13:54:05.500000,23485,7,23480,118,23490,24,23475,63,23495,42,23470,36,23500,52,23465,27,23505,44,23460,30,23485,23655,23255,23620,,23414,157063,18387241875,77450,,24835,22020,81154,23430,23720,5.0,0,5.0,500,0,0,0
2024-05-13 13:54:06.000000,23485,12,23480,115,23490,28,23475,60,23495,43,23470,33,23500,52,23465,27,23505,44,23460,30,23485,23655,23255,23620,,23414,157064,18387359300,77449,,24835,22020,81154,23430,23720,5.0,0,5.0,500,0,0,0
2024-05-13 13:54:06.500000,23485,13,23480,112,23490,28,23475,60,23495,43,23470,30,23500,52,23465,27,23505,44,23460,30,23485,23655,23255,23620,,23414,157065,18387476725,77449,,24835,22020,81154,23430,23720,5.0,0,5.0,500,0,0,0
2024-05-13 13:54:07.000000,23485,13,23480,112,23490,28,23475,60,23495,43,23470,28,23500,52,23465,27,23505,44,23460,30,23485,23655,23255,23620,,23414,157065,18387476725,77449,,24835,22020,81154,23430,23720,5.0,0,5.0,500,0,0,0
2024-05-13 13:54:08.000000,23485,13,23480,113,23490,28,23475,60,23495,43,23470,28,23500,52,23465,27,23505,44,23460,30,23485,23655,23255,23620,,23414,157065,18387476725,77449,,24835,22020,81154,23430,23720,5.0,0,5.0,500,0,0,0
2024-05-13 13:54:08.500000,23485,13,23480,118,23490,28,23475,60,23495,43,23470,28,23500,52,23465,27,23505,44,23460,30,23485,23655,23255,23620,,23414,157065,18387476725,77449,,24835,22020,81154,23430,23720,5.0,0,5.0,500,0,0,0
2024-05-13 13:54:09.000000,23485,10,23480,40,23490,28,23475,60,23495,42,23470,28,23500,52,23465,27,23505,44,23460,30,23485,23655,23255,23620,,23414,157065,18387476725,77449,,24835,22020,81154,23430,23720,5.0,0,5.0,500,0,0,0
2024-05-13 13:54:09.500000,23485,30,23480,34,23490,28,23475,60,23495,42,23470,28,23500,52,23465,27,23505,44,23460,30,23480,23655,23255,23620,,23414,157070,18388063725,77444,,24835,22020,81154,23430,23720,5.0,0,5.0,500,0,0,0
2024-05-13 13:54:10.000000,23485,31,23480,43,23490,28,23475,59,23495,42,23470,28,23500,53,23465,27,23505,44,23460,30,23480,23655,23255,23620,,23414,157070,18388063725,77444,,24835,22020,81154,23430,23720,5.0,0,5.0,500,0,0,0
2024-05-13 13:54:10.500000,23485,34,23480,44,23490,26,23475,60,23495,42,23470,28,23500,53,23465,27,23505,44,23460,30,23480,23655,23255,23620,,23414,157070,18388063725,77444,,24835,22020,81154,23430,23720,5.0,0,5.0,500,0,0,0
2024-05-13 13:54:11.000000,23485,33,23480,47,23490,26,23475,60,23495,42,23470,28,23500,53,23465,27,23505,44,23460,30,23480,23655,23255,23620,,23414,157071,18388181125,77443,,24835,22020,81154,23430,23720,5.0,0,5.0,500,0,0,0
2024-05-13 13:54:11.500000,23485,33,23480,48,23490,26,23475,60,23495,42,23470,28,23500,53,23465,27,23505,44,23460,30,23480,23655,23255,23620,,23414,157071,18388181125,77443,,24835,22020,81154,23430,23720,5.0,0,5.0,500,0,0,0
2024-05-13 13:54:12.000000,23485,32,23480,48,23490,26,23475,60,23495,42,23470,28,23500,53,23465,27,23505,44,23460,30,23485,23655,23255,23620,,23414,157072,18388298550,77443,,24835,22020,81154,23430,23720,5.0,0,5.0,500,0,0,0
2024-05-13 13:54:12.500000,23485,19,23480,33,23490,26,23475,60,23495,42,23470,28,23500,53,23465,27,23505,44,23460,30,23480,23655,23255,23620,,23414,157100,18391585750,77453,,24835,22020,81154,23430,23720,5.0,0,5.0,500,0,0,0
2024-05-13 13:54:13.000000,23485,31,23480,38,23490,26,23475,60,23495,42,23470,28,23500,53,23465,27,23505,44,23460,30,23485,23655,23255,23620,,23414,157101,18391703175,77454,,24835,22020,81154,23430,23720,5.0,0,5.0,500,0,0,0
2024-05-13 13:54:14.000000,23485,33,23480,38,23490,26,23475,59,23495,42,23470,28,23500,53,23465,27,23505,44,23460,30,23485,23655,23255,23620,,23414,157101,18391703175,77454,,24835,22020,81154,23430,23720,5.0,0,5.0,500,0,0,0
2024-05-13 13:54:14.500000,23485,31,23480,39,23490,26,23475,59,23495,42,23470,28,23500,52,23465,27,23505,44,23460,30,23485,23655,23255,23620,,23414,157101,18391703175,77454,,24835,22020,81154,23430,23720,5.0,0,5.0,500,0,0,0
2024-05-13 13:54:15.000000,23485,31,23480,39,23490,26,23475,59,23495,43,23470,28,23500,52,23465,27,23505,44,23460,30,23485,23655,23255,23620,,23414,157101,18391703175,77454,,24835,22020,81154,23430,23720,5.0,0,5.0,500,0,0,0
2024-05-13 13:54:15.500000,23485,18,23480,41,23490,26,23475,59,23495,43,23470,28,23500,52,23465,27,23505,44,23460,30,23485,23655,23255,23620,,23414,157101,18391703175,77454,,24835,22020,81154,23430,23720,5.0,0,5.0,500,0,0,0
2024-05-13 13:54:16.000000,23490,26,23485,1,23495,43,23480,42,23500,52,23475,59,23505,44,23470,28,23510,30,23465,27,23485,23655,23255,23620,,23414,157115,18393347125,77455,,24835,22020,81154,23430,23720,5.0,0,5.0,500,0,0,0
2024-05-13 13:54:16.500000,23485,1,23480,49,23490,38,23475,56,23495,43,23470,28,23500,52,23465,27,23505,44,23460,28,23485,23655,23255,23620,,23414,157118,18393699400,77456,,24835,22020,81154,23430,23720,5.0,0,5.0,500,0,0,0
2024-05-13 13:54:17.000000,23485,16,23480,50,23490,41,23475,56,23495,43,23470,28,23500,52,23465,27,23505,44,23460,28,23485,23655,23255,23620,,23414,157119,18393816825,77456,,24835,22020,81154,23430,23720,5.0,0,5.0,500,0,0,0
2024-05-13 13:54:17.500000,23485,31,23480,49,23490,41,23475,56,23495,43,23470,28,23500,52,23465,27,23505,44,23460,28,23485,23655,23255,23620,,23414,157119,18393816825,77456,,24835,22020,81154,23430,23720,5.0,0,5.0,500,0,0,0
2024-05-13 13:54:18.000000,23485,32,23480,45,23490,41,23475,56,23495,43,23470,28,23500,52,23465,27,23505,44,23460,28,23485,23655,23255,23620,,23414,157119,18393816825,77456,,24835,22020,81154,23430,23720,5.0,0,5.0,500,0,0,0
2024-05-13 13:54:18.500000,23485,39,23480,15,23490,41,23475,56,23495,43,23470,28,23500,52,23465,27,23505,44,23460,28,23480,23655,23255,23620,,23414,157149,18397338825,77468,,24835,22020,81154,23430,23720,5.0,0,5.0,500,0,0,0
2024-05-13 13:54:19.000000,23480,86,23475,56,23485,40,23470,28,23490,41,23465,27,23495,43,23460,28,23500,52,23455,46,23480,23655,23255,23620,,23414,157169,18399686825,77455,,24835,22020,81154,23430,23720,5.0,0,5.0,500,0,0,0
2024-05-13 13:54:19.500000,23480,89,23475,55,23485,47,23470,28,23490,45,23465,27,23495,43,23460,28,23500,52,23455,46,23475,23655,23255,23620,,23414,157170,18399804200,77454,,24835,22020,81154,23430,23720,5.0,0,5.0,500,0,0,0
2024-05-13 13:54:20.000000,23480,83,23475,51,23485,46,23470,28,23490,45,23465,27,23495,43,23460,28,23500,52,23455,46,23475,23655,23255,23620,,23414,157171,18399921575,77454,,24835,22020,81154,23430,23720,5.0,0,5.0,500,0,0,0
2024-05-13 13:54:20.500000,23480,83,23475,46,23485,46,23470,28,23490,45,23465,27,23495,43,23460,28,23500,52,23455,46,23475,23655,23255,23620,,23414,157176,18400508450,77455,,24835,22020,81154,23430,23720,5.0,0,5.0,500,0,0,0
2024-05-13 13:54:21.000000,23480,83,23475,45,23485,46,23470,28,23490,45,23465,28,23495,43,23460,28,23500,52,23455,46,23475,23655,23255,23620,,23414,157176,18400508450,77455,,24835,22020,81154,23430,23720,5.0,0,5.0,500,0,0,0
2024-05-13 13:54:21.500000,23480,78,23475,47,23485,46,23470,28,23490,45,23465,28,23495,43,23460,28,23500,52,23455,46,23475,23655,23255,23620,,23414,157176,18400508450,77455,,24835,22020,81154,23430,23720,5.0,0,5.0,500,0,0,0
2024-05-13 13:54:22.000000,23480,63,23475,48,23485,46,23470,28,23490,45,23465,28,23495,43,23460,28,23500,52,23455,46,23475,23655,23255,23620,,23414,157176,18400508450,77455,,24835,22020,81154,23430,23720,5.0,0,5.0,500,0,0,0
2024-05-13 13:54:22.500000,23480,63,23475,48,23485,46,23470,28,23490,45,23465,28,23495,44,23460,28,23500,52,23455,46,23475,23655,23255,23620,,23414,157176,18400508450,77455,,24835,22020,81154,23430,23720,5.0,0,5.0,500,0,0,0
2024-05-13 13:54:23.000000,23480,64,23475,48,23485,46,23470,28,23490,45,23465,28,23495,44,23460,28,23500,52,23455,46,23475,23655,23255,23620,,23414,157176,18400508450,77455,,24835,22020,81154,23430,23720,5.0,0,5.0,500,0,0,0
2024-05-13 13:54:23.500000,23480,57,23475,48,23485,46,23470,28,23490,45,23465,28,23495,44,23460,28,23500,52,23455,46,23475,23655,23255,23620,,23414,157176,18400508450,77455,,24835,22020,81154,23430,23720,5.0,0,5.0,500,0,0,0
2024-05-13 13:54:24.000000,23480,43,23475,48,23485,46,23470,28,23490,45,23465,28,23495,44,23460,28,23500,52,23455,46,23475,23655,23255,23620,,23414,157176,18400508450,77455,,24835,22020,81154,23430,23720,5.0,0,5.0,500,0,0,0
2024-05-13 13:54:24.500000,23480,35,23475,48,23485,46,23470,28,23490,45,23465,28,23495,44,23460,28,23500,52,23455,46,23475,23655,23255,23620,,23414,157176,18400508450,77455,,24835,22020,81154,23430,23720,5.0,0,5.0,500,0,0,0
2024-05-13 13:54:25.000000,23480,34,23475,52,23485,46,23470,28,23490,45,23465,28,23495,44,23460,28,23500,52,23455,46,23475,23655,23255,23620,,23414,157176,18400508450,77455,,24835,22020,81154,23430,23720,5.0,0,5.0,500,0,0,0
2024-05-13 13:54:25.500000,23480,27,23475,52,23485,46,23470,28,23490,45,23465,28,23495,44,23460,28,23500,52,23455,46,23475,23655,23255,23620,,23414,157176,18400508450,77455,,24835,22020,81154,23430,23720,5.0,0,5.0,500,0,0,0
2024-05-13 13:54:27.000000,23480,27,23475,52,23485,49,23470,28,23490,45,23465,28,23495,44,23460,28,23500,52,23455,46,23475,23655,23255,23620,,23414,157176,18400508450,77455,,24835,22020,81154,23430,23720,5.0,0,5.0,500,0,0,0
2024-05-13 13:54:28.500000,23480,39,23475,52,23485,49,23470,28,23490,45,23465,28,23495,44,23460,28,23500,52,23455,46,23475,23655,23255,23620,,23414,157176,18400508450,77455,,24835,22020,81154,23430,23720,5.0,0,5.0,500,0,0,0
2024-05-13 13:54:29.000000,23475,7,23470,28,23480,40,23465,28,23485,49,23460,28,23490,45,23455,46,23495,44,23450,42,23475,23655,23255,23620,,23414,157228,18406611950,77438,,24835,22020,81154,23430,23720,5.0,0,5.0,500,0,0,0
2024-05-13 13:54:29.500000,23475,27,23470,30,23480,45,23465,27,23485,52,23460,28,23490,45,23455,46,23495,44,23450,42,23475,23655,23255,23620,,23414,157228,18406611950,77438,,24835,22020,81154,23430,23720,5.0,0,5.0,500,0,0,0
2024-05-13 13:54:30.000000,23475,28,23470,27,23480,45,23465,27,23485,52,23460,28,23490,45,23455,46,23495,44,23450,42,23475,23655,23255,23620,,23414,157228,18406611950,77438,,24835,22020,81154,23430,23720,5.0,0,5.0,500,0,0,0
2024-05-13 13:54:30.500000,23475,30,23470,26,23480,45,23465,27,23485,52,23460,28,23490,45,23455,46,23495,44,23450,42,23475,23655,23255,23620,,23414,157228,18406611950,77438,,24835,22020,81154,23430,23720,5.0,0,5.0,500,0,0,0
2024-05-13 13:54:31.500000,23475,30,23470,26,23480,45,23465,27,23485,52,23460,28,23490,46,23455,46,23495,44,23450,42,23475,23655,23255,23620,,23414,157228,18406611950,77438,,24835,22020,81154,23430,23720,5.0,0,5.0,500,0,0,0
2024-05-13 13:54:32.000000,23475,23,23470,26,23480,45,23465,27,23485,52,23460,28,23490,46,23455,46,23495,44,23450,42,23475,23655,23255,23620,,23414,157228,18406611950,77438,,24835,22020,81154,23430,23720,5.0,0,5.0,500,0,0,0
2024-05-13 13:54:32.500000,23475,20,23470,26,23480,45,23465,27,23485,52,23460,28,23490,46,23455,46,23495,44,23450,42,23475,23655,23255,23620,,23414,157228,18406611950,77438,,24835,22020,81154,23430,23720,5.0,0,5.0,500,0,0,0
2024-05-13 13:54:34.500000,23475,19,23470,26,23480,45,23465,27,23485,52,23460,28,23490,46,23455,46,23495,44,23450,42,23475,23655,23255,23620,,23414,157229,18406729325,77437,,24835,22020,81154,23430,23720,5.0,0,5.0,500,0,0,0
2024-05-13 13:54:35.000000,23475,16,23470,28,23480,45,23465,27,23485,52,23460,29,23490,46,23455,46,23495,43,23450,42,23475,23655,23255,23620,,23414,157229,18406729325,77437,,24835,22020,81154,23430,23720,5.0,0,5.0,500,0,0,0
2024-05-13 13:54:35.500000,23475,15,23470,30,23480,45,23465,27,23485,52,23460,29,23490,46,23455,46,23495,43,23450,42,23475,23655,23255,23620,,23414,157229,18406729325,77437,,24835,22020,81154,23430,23720,5.0,0,5.0,500,0,0,0
2024-05-13 13:54:36.500000,23475,15,23470,30,23480,45,23465,27,23485,52,23460,29,23490,47,23455,46,23495,43,23450,42,23475,23655,23255,23620,,23414,157229,18406729325,77437,,24835,22020,81154,23430,23720,5.0,0,5.0,500,0,0,0
